1566 2592
347 146 388 173 De
406 145 540 172 virtutum
560 144 672 172 dicendi
692 144 767 178 apud
786 144 926 171 Romanos
945 144 1063 171 ratione.
1315 144 1358 175 65

48 229 100 261 De
120 229 223 270 prima
242 229 332 270 parte
351 238 409 258 suo
428 228 499 258 loco
524 226 674 258 dicemus.
703 225 776 257 Huc
794 226 934 267 pertinet
953 227 1054 257 altera
1071 236 1160 267 pars,
1184 236 1264 266 quae
1284 225 1358 257 inde

49 293 70 314 a
95 282 199 326 capite
222 281 261 313 12
287 282 455 312 tractatur:
480 279 656 320 „Quoniam
683 279 800 320 quibus
819 279 854 310 111
880 279 1049 320 generibus
1076 278 1215 310 elocutio
1239 278 1359 310 versari

50 335 174 376 debeat,
193 334 311 366 dictum
332 335 389 374 est,
406 333 573 365 videamus
592 342 686 373 nunc,
701 343 780 373 quas
794 342 845 363 res
861 331 973 362 debeat
988 331 1106 363 habere
1120 331 1258 363 elocutio
1274 343 1359 364 com-

53 388 148 420 moda
166 389 197 419 et
215 387 364 428 perfecta.
394 386 481 424 Quae
500 386 639 417 maxime
659 386 778 417 oratori
797 385 1038 417 accommodata
1056 387 1113 426 est,
1133 387 1192 416 tres
1205 395 1254 417 res
1273 386 1306 416 in
1325 396 1359 416 se

51 441 147 473 debet
165 440 295 472 habere:
314 440 512 480 eleyantiam,
530 439 789 480 compositionem,
808 438 1020 479 diynitatem.“
1048 437 1155 469 Verba
1178 439 1299 470 nullam
1320 439 1360 470 si-

51 494 266 527 militudinem
287 504 358 524 cum
378 492 553 524 virtutibus
572 503 647 534 prae
667 502 699 523 se
723 492 838 524 ferunt.
869 491 931 523 Sed
950 491 1006 533 qui
1026 491 1155 532 scripsit
1175 502 1229 523 eos
1247 491 1360 533 libros,

51 547 121 590 ipse
135 557 199 578 non
219 546 379 588 ignoravit
399 546 530 578 nomina
545 544 664 577 Graeca
677 556 790 587 parum
805 546 953 577 sollerter
966 546 1000 576 in
1014 544 1167 576 Latinum
1182 555 1360 576 sermonem

51 611 122 632 esse
136 611 295 632 conversa.
302 598 328 641 ¹)
353 598 457 636 Quare
470 598 564 631 nobis
585 599 759 631 cavendum
775 600 832 640 est,
846 609 886 630 ne
902 598 960 630 sub
980 597 1240 629 dissimilitudine
1258 598 1361 629 nomi-

50 664 130 686 num
145 664 204 684 nos
218 652 323 695 fugiat
338 651 472 684 rationis
483 651 668 684 similitudo.
689 651 755 683 Sub
767 652 926 694 elegantia
940 652 1035 691 enirn,
1046 662 1142 692 quam
1154 651 1317 683 distribuit
1327 652 1361 682 in

51 706 262 738 Latinitatem
273 708 305 737 et
319 705 575 747 explanationem
589 704 649 748 (IV
660 704 715 747 17)
724 703 757 747 ⁹),
771 705 848 736 duas
860 704 979 746 primas
990 704 1204 746 Theophrasti
1215 704 1360 745 virtutes,

51 759 254 801 ἑλληνισμόν
273 760 305 790 et
325 760 519 800 σαφήνειαν,
534 758 719 800 reperimus.
747 757 876 790 Novum
897 760 954 800 est,
969 759 1055 800 quod
1074 758 1154 789 duae
1172 757 1308 789 virtutes
1328 758 1362 789 111

51 824 154 844 111111111
174 823 274 854 genus
294 811 534 844 contrahuntur.
563 811 631 843 Iam
650 811 727 853 quid
746 811 886 853 dignitas
901 811 952 853 sit,
970 812 1142 843 videamus.
1170 810 1242 852 Ipse
1262 812 1361 853 expli-

53 868 118 897 cat:
138 865 305 907 „Dignitas
320 867 376 906 est,
397 876 477 906 quae
494 865 598 896 reddit
617 868 762 897 ornatam
781 865 958 897 orationem
978 865 1131 896 varietate
1151 864 1361 906 distinguens.

54 918 142 950 Haec
168 919 201 950 in
234 918 403 950 verborum
431 920 463 950 et
489 918 720 950 sententiarum
749 919 988 950 exornationem
1017 918 1189 949 dividitur“
1217 916 1280 960 (IV
1297 918 1361 960 18).

54 971 195 1003 Ornatus
217 972 316 1014 igitur
340 971 507 1012 orationis,
532 982 627 1013 quem
651 974 782 1012 quartae
810 971 924 1003 virtuti
947 970 1189 1012 Theophrastus
1217 971 1363 1012 subiecit,

52 1025 139 1066 apud
157 1027 303 1056 nostrum
323 1026 487 1057 auctorem
507 1025 674 1067 dignitatis
692 1024 822 1056 nomine
842 1024 1035 1056 inscribitur.
1063 1024 1138 1057 Alio
1159 1025 1264 1066 operis
1279 1026 1362 1066 loco,

54 1078 111 1110 ubi
130 1077 168 1110 de
186 1077 448 1119 pronuntiatione
468 1077 545 1110 dicit
564 1089 623 1119 pro
643 1077 738 1109 rebus
756 1079 788 1109 et
807 1089 953 1110 sermone
972 1078 1060 1109 vario
1079 1078 1238 1119 varianda,
1258 1078 1362 1121 digni-

52 1132 155 1162 tatem
182 1131 322 1163 breviter
344 1131 468 1163 definit:
492 1130 661 1174 „Dignitas
680 1133 728 1163 est
748 1131 851 1163 oratio
876 1142 948 1163 cum
973 1132 1080 1173 aliqua
1103 1131 1280 1174 gravitate“
1299 1130 1363 1174 (III

53 1184 107 1226 23,
118 1184 156 1217 cf.
168 1184 210 1215 24
225 1184 263 1216 de
277 1195 355 1216 voce
369 1185 403 1216 in
422 1185 580 1226 dignitate
599 1183 803 1227 adhibenda).
831 1184 870 1216 In
888 1185 1068 1216 elocutione
1086 1195 1153 1216 non
1172 1186 1276 1217 solum
1292 1195 1363 1227 gra-

54 1238 188 1269 vitatem
208 1237 479 1280 (μεγαλοπρεπές)
494 1239 524 1269 ei
538 1237 661 1279 tribuit,
677 1238 731 1269 sed
746 1238 842 1270 etiam
863 1238 1054 1270 suavitatem
1069 1237 1173 1281 (ἡδύ),
1191 1240 1228 1270 ut
1247 1238 1363 1270 docent

52 1292 198 1322 extrema
220 1290 297 1322 libri
315 1290 361 1322 IV
380 1291 489 1323 verba:
513 1290 644 1333 „Omnis
663 1291 803 1323 rationes
822 1291 1038 1323 honestandae
1062 1291 1205 1324 studiose
1224 1291 1363 1334 conlegi-

53 1354 128 1374 mus
147 1344 346 1385 elocutionis,
366 1344 399 1375 in
419 1344 544 1385 quibus,
562 1344 715 1386 Herenni,
733 1345 759 1376 si
778 1347 810 1376 te
830 1345 1017 1386 diligentius
1037 1345 1224 1386 exercueris,
1243 1347 1275 1376 et
1294 1356 1364 1387 gra-

55 1396 190 1428 vitatem
210 1399 241 1428 et
261 1397 450 1439 dignitatem
471 1399 503 1429 et
522 1398 713 1429 suavitatem
732 1397 852 1429 habere
870 1398 905 1429 in
924 1398 1061 1430 dicundo
1080 1399 1215 1439 poteris,
1239 1401 1275 1430 ut
1295 1409 1364 1430 ora-

52 1450 138 1481 torie
157 1449 250 1491 plane
274 1450 435 1491 loquaris“
455 1449 516 1492 (IV
531 1450 597 1493 69),
624 1451 739 1491 quibus
763 1451 794 1482 in
814 1451 929 1493 verbis,
954 1462 1026 1482 cum
1048 1451 1237 1494 dignitatem
1260 1453 1362 1484 solam

54 1502 171 1534 fecerit
190 1505 285 1544 caput
304 1502 428 1544 λέξεως,
447 1504 590 1546 gravitas
609 1506 641 1535 et
660 1504 801 1535 suavitas
820 1505 848 1536 ei
868 1504 1109 1546 subiungendae
1128 1506 1211 1536 sunt.

147 1563 209 1596 Sed
229 1565 255 1596 si
270 1565 309 1596 ad
327 1568 495 1606 praecepta
515 1566 681 1607 dignitatis
701 1566 904 1608 attendimus,
920 1578 985 1598 non
1000 1567 1068 1599 sine
1088 1567 1274 1598 curiositate
1289 1578 1363 1608 qua-

55 1617 131 1649 dam
150 1618 432 1650 animadvertimus
451 1620 540 1650 nulla
559 1619 622 1650 nisi
646 1621 792 1660 σχήματα
816 1620 954 1651 tractari.
983 1620 1197 1662 Theophrasti
1216 1622 1363 1652 auctores

55 1670 120 1702 tria
138 1671 261 1703 faciunt
276 1672 380 1713 capita
400 1674 541 1714 ornatus,
560 1672 717 1704 delectum
733 1673 903 1705 verborum
919 1675 950 1705 et
965 1684 1074 1705 eorum
1096 1674 1363 1715 compositionem

150 1785 175 1819 1)
195 1785 269 1811 Vide
288 1794 360 1819 quae
385 1785 485 1812 dixerit
505 1786 543 1812 IV
555 1789 600 1813 10:
625 1786 716 1821 „Ergo
730 1787 800 1813 haec
816 1787 958 1821 asperiora
975 1788 1066 1822 primo
1085 1787 1232 1814 videantur
1250 1796 1364 1815 necesse

57 1825 112 1858 est,
129 1824 160 1851 id
179 1825 253 1858 quod
271 1825 320 1851 fiet
338 1825 378 1852 rei
403 1834 459 1852 non
482 1828 577 1852 nostra
602 1826 796 1854 difficultate.¹‘
825 1827 959 1862 Σχήματα
982 1827 1078 1859 λέξεως
1101 1829 1130 1854 et
1153 1827 1277 1862 σχήματα
1301 1830 1364 1855 δια-

59 1863 140 1895 νοίας
158 1865 241 1891 vertit
258 1866 448 1893 exornationes
461 1866 608 1892 verborum
622 1868 651 1893 et
665 1867 875 1894 sententiarum.
908 1867 1006 1901 Neque
1016 1867 1203 1894 Wilamowitz
1216 1868 1287 1894 mihi
1301 1877 1363 1902 pro-

57 1903 150 1936 batur,
170 1904 218 1938 qui
236 1905 365 1938 (Hermae
383 1905 435 1932 vol.
447 1906 556 1939 XXXV,
575 1915 602 1940 p.
619 1908 662 1940 27)
682 1906 805 1941 σχήματα
820 1907 897 1940 dicit,
918 1907 966 1933 ubi
981 1908 1086 1934 Auctor
1104 1908 1217 1934 exhibet
1237 1909 1363 1943 ‘figuras’

57 1943 180 1970 dicendi,
210 1943 238 1970 Si
258 1944 353 1971 Cicero
377 1954 470 1972 vocem
489 1946 631 1981 χαρακτήρ
651 1946 750 1973 Latine
779 1947 915 1973 convertit
943 1947 1067 1980 ⁷,formast‘
1095 1948 1141 1982 (cf.
1157 1947 1201 1975 Or.
1217 1949 1270 1982 36),
1290 1951 1364 1975 certe

60 1983 166 2009 Auctor
185 1983 220 2009 ad
239 1984 272 2010 H.
294 1985 317 2011 si
339 1985 460 2020 „figura“
482 1985 563 2017 dicit,
589 1986 706 2012 eandem
725 1986 857 2013 Graecam
877 1995 973 2013 vocem
995 1988 1112 2014 reddere
1135 1989 1236 2021 potest.
1266 1988 1364 2022 Neque

59 2022 227 2049 vocabulum
240 2032 342 2057 genera
357 2025 442 2059 (γένη)
456 2025 568 2059 ignorat
581 2026 625 2059 (cf.
635 2026 674 2052 IV
685 2029 726 2059 15,
741 2026 779 2052 IV
790 2029 822 2052 17
833 2028 895 2059 etc„
910 2027 975 2053 vide
985 2027 1125 2060 indicem).
1154 2027 1259 2059 Quodsi
1270 2030 1364 2054 autem

58 2062 178 2089 adnotat
196 2063 237 2088 vir
255 2064 444 2091 doctissimus:
463 2065 535 2098 „Ein
550 2066 717 2100 dringendes
731 2066 880 2093 Bediirfnis
899 2067 937 2093 ist
955 2067 1000 2093 die
1016 2067 1190 2102 Verfolgung
1208 2068 1258 2094 der
1275 2068 1364 2095 Lehre

59 2110 114 2128 von
134 2102 229 2129 diesen
249 2103 372 2138 σχήματα
386 2114 419 2130 zu
435 2105 488 2131 den
508 2107 667 2140 spateren
688 2115 726 2141 σχ.
742 2106 872 2138 διανοίας
890 2107 938 2133 καὶ
957 2107 1079 2140 λέξεως“,
1097 2116 1141 2134 me
1159 2107 1250 2134 fateor
1264 2108 1293 2134 id
1308 2117 1363 2134 non

58 2141 240 2168 intellexisse.
268 2143 365 2177 Neque
385 2144 458 2170 enim
476 2145 546 2172 haec
565 2145 714 2179 generibus
733 2146 889 2173 recentiora
903 2148 969 2173 sunt
987 2155 1078 2180 neque
1092 2147 1151 2173 ulla
1169 2147 1364 2181 propinquitas

60 2181 134 2207 inter
153 2190 186 2208 ea
211 2182 367 2211 intercedit.
395 2183 437 2210 Ne
463 2193 563 2212 nomen
590 2186 716 2219 quidem,
742 2187 774 2212 ut
800 2187 931 2220 equidem
957 2187 1052 2219 credo,
1077 2187 1112 2213 iis
1139 2196 1284 2214 commune
1304 2188 1365 2214 erat

58 2221 194 2256 σχήματα,

151 2264 176 2295 ⁶2)
196 2261 235 2288 Cf.
251 2261 337 2288 etiam
355 2262 425 2290 haec
443 2264 539 2291 verba:
559 2264 726 2299 „Elegantia
740 2267 791 2299 est,
810 2274 883 2299 quae
902 2266 979 2299 facit,
998 2268 1030 2293 ut
1048 2275 1135 2293 unum
1154 2266 1278 2301 quidque
1293 2275 1365 2301 pure

58 2301 90 2327 et
108 2305 198 2334 aperte
217 2301 273 2328 dici
291 2302 436 2329 videatur‘·
455 2303 494 2330 IV
505 2307 546 2330 1⁷.

116 2354 130 2374 S
136 2356 146 2374 t
151 2361 162 2374 ι·
167 2360 180 2374 ο
185 2361 201 2375 u
206 2361 233 2375 x:
247 2356 281 2375 De
295 2356 446 2379 Theophrasti
461 2357 585 2377 virtutibus
600 2358 697 2378 dicendi.
815 2354 823 2358 ⁴
1134 2358 1150 2381 ὅ
