1566 2592
214 130 259 162 42
796 129 888 164 Caput
906 129 951 156 111.

214 224 282 244 τικε
307 217 365 253 τῆς
388 213 615 253 καθαρότητος
638 217 705 244 τῶν
734 210 853 250 λέξεων
872 211 890 244 ὁ
914 211 1014 253 ἀνήρ,
1043 212 1087 250 ὡς
1110 212 1166 244 καὶ
1186 211 1223 245 ἐν
1241 217 1279 254 τῇ
1304 212 1410 255 οἰκείᾳ
1431 210 1530 255 τέχνῃ

214 266 326 298 τοιάδε
341 265 584 306 παραγγέλλειν
597 265 672 306 περὶ
688 263 812 303 λέξεως.
839 264 1158 298 VideturaPlanude
1174 265 1302 298 demum
1319 267 1416 307 caput
1429 268 1531 298 καθα-

214 321 351 361 ρότητος
374 318 554 361 praeceptis
577 317 729 350 Isocratis
753 320 973 360 praepositum
997 330 1074 351 esse.
1104 319 1192 357 Quae
1212 330 1288 360 vox,
1311 321 1348 350 ut
1366 321 1435 351 erat
1452 329 1530 352 usus

213 384 333 415 recens,
352 372 490 404 maxime
509 372 549 403 ad
569 372 722 404 virtutem
743 371 943 413 ἑλληνισμοῦ
962 373 1111 415 pertinet.
1141 373 1203 405 Sed
1222 375 1356 414 apparet
1375 372 1414 405 de
1432 372 1531 405 virtu-

212 429 284 459 tum
312 426 398 468 apud
423 425 598 458 Isocratem
626 425 750 458 ratione
778 425 861 458 nihil
889 437 927 458 ex
954 426 1011 458 isso
1039 426 1221 469 fragmento
1249 437 1343 468 posse
1372 425 1528 459 concludi.

213 480 322 513 Etiam
342 479 444 522 ipsius
459 479 610 511 Isocratis
630 479 736 520 verba,
755 490 836 520 quae
855 478 930 520 περὶ
951 479 1066 518 λέξεως
1085 479 1286 512 orationibus
1306 480 1426 511 inserta
1444 481 1530 522 sunt,

165 541 167 543 ’
212 534 331 575 minus,
350 545 448 575 quam
468 534 540 575 quis
560 533 770 574 exspectabit,
789 532 829 564 ad
849 536 997 565 ornatum
1013 534 1183 575 pertinent.
1211 533 1319 575 Atque
1334 533 1368 564 in
1383 532 1530 575 Philippi

212 588 379 630 prooemio
399 587 503 630 magis
528 586 566 618 de
592 586 673 628 aliis,
700 597 796 628 quam
816 587 854 618 de
874 598 908 618 se
934 587 1006 628 ipso
1033 587 1124 619 testis
1151 588 1207 619 est.
1238 586 1415 628 Postquam
1442 587 1528 623 enim

210 653 247 673 se
266 641 361 673 aliter
379 643 476 682 atque
495 642 618 672 ceteros
638 642 782 672 oratores
806 640 966 672 dicturum
986 651 1056 673 esse
1079 640 1244 682 promisit,
1267 640 1314 671 ita
1334 640 1441 683 pergit
1460 638 1528 683 (Or.

213 694 243 726 V
258 694 310 738 4):
335 694 401 726 Καὶ
424 694 500 735 περὶ
523 694 652 725 τούτων
680 693 786 731 οὕτως
806 693 947 726 ἐδόκουν
971 693 1127 732 διεξιέναι
1151 700 1220 731 τοῖς
1243 693 1426 726 ἀκούουσιν
1444 693 1529 726 ὥστε

212 748 338 791 μηδένα
362 749 421 780 τὸν
444 749 547 789 λόγον
570 747 674 779 αὐτὸν
698 746 759 790 (sic
782 747 954 790 legendum
979 749 1035 779 est.
1055 748 1167 780 αὐτῶν
1190 747 1238 779 ed.
1256 746 1527 790 Benseler-Blass)

212 801 294 844 μηδὲ
315 802 376 842 τὴν
396 801 486 839 λέξιν
506 800 655 833 ἐπαινεῖν
675 801 718 839 ὡς
738 801 909 842 ἀκριβῶς
926 800 990 833 καὶ
1009 804 1193 842 καθαρῶς
1211 799 1366 842 ἔχουσαν,
1384 800 1464 843 ὅπερ
1484 801 1530 833 εί-

207 857 327 887 ώθασί
345 867 433 892 τινες
451 859 571 894 ποιεῖν,
591 853 673 886 ἀλλὰ
693 855 754 895 τὴν
773 854 936 896 ἀλήθειαν
955 860 1022 886 τῶν
1041 854 1244 896 πραγμάτων
1262 854 1447 895 θαυμάζειν
1459 856 1529 887 κτλ.

212 909 322 941 Etiam
337 909 399 940 hoc
413 909 485 940 loco
501 908 689 940 Aristotelis
708 907 921 949 perspicuitas
941 907 1100 950 (ἀκριβῶς
1115 906 1169 939 καὶ
1182 906 1384 950 καθαρῶςῦ)
1402 917 1529 950 compn-

208 963 311 994 fanda
335 964 391 994 est.
426 961 584 993 Similiter
602 961 735 993 Panath.
755 962 785 992 1:
811 962 973 1002 νεώτερος
991 961 1053 1003 μὲν
1071 962 1119 993 ὢν
1142 961 1361 1003 προῃρούμην
1386 961 1531 1004 γράφειν

211 1021 279 1048 τῶν
299 1017 408 1057 λόγων
424 1016 464 1047 οὐ
485 1017 563 1053 τοὺς
581 1015 752 1055 μυθώδεις
767 1041 773 1047 .
789 1041 796 1047 .
812 1040 818 1047 .
834 1040 841 1047 .
857 1015 932 1047 οὐδ’
943 1012 985 1047 αὖ
1001 1016 1080 1052 τοὺς
1093 1014 1204 1052 ἁπλῶς
1218 1015 1374 1056 εἰρῆσθαι
1388 1014 1529 1047 δοκοῦν-

210 1082 270 1108 τας
289 1069 344 1102 καὶ
363 1069 525 1111 μηδεμιᾶς
544 1070 750 1110 κομψότητος
768 1068 975 1110 μετέχοντας,
995 1068 1054 1107 οὓς
1073 1069 1105 1101 οἱ
1125 1067 1230 1100 δεινοὶ
1250 1067 1326 1110 περὶ
1345 1069 1424 1106 τοὺς
1442 1067 1529 1109 ἀγῶ-

210 1136 270 1160 νας
295 1127 498 1165 παραινοῦσι
522 1129 591 1160 τοῖς
618 1121 793 1163 νεωτέροις
819 1124 966 1164 μελετᾶν.
997 1121 1059 1154 Hic
1087 1122 1188 1164 igitur
1215 1120 1321 1154 δεινοὶ
1345 1121 1422 1163 περὶ
1449 1121 1530 1160 τοὺς

209 1177 342 1218 ἀγῶνας
357 1176 620 1218 perspicuitatem
631 1175 671 1207 ab
687 1176 833 1208 oratione
848 1175 1029 1218 exigebant.
1049 1174 1207 1207 Isocrates
1222 1174 1409 1207 adulescens
1422 1174 1529 1217 ἡδονῇ

209 1230 363 1262 maiorem
384 1232 507 1271 partem
528 1229 722 1261 concessisse
738 1229 866 1261 videtur
879 1228 1021 1271 Philipp.
1035 1229 1093 1261 27:
1113 1226 1192 1261 οὐδὲ
1211 1228 1274 1270 γὰρ
1290 1233 1361 1266 ταῖς
1374 1227 1451 1268 περὶ
1467 1228 1529 1270 τὴν

211 1283 300 1323 λέξιν
329 1284 528 1325 εὐρυθμιάις
555 1282 609 1315 καὶ
636 1285 816 1320 ποικιλίαις
844 1284 1092 1325 κεκοσμήκαμεν
1120 1282 1239 1323 αὐτόν,
1268 1277 1320 1320 αἷς
1347 1281 1466 1319 αὐτός
1488 1292 1529 1314 τε

210 1339 370 1378 νεώτερος
395 1337 442 1369 ὢν
470 1335 622 1379 ἐχρώμην
649 1336 704 1368 καὶ
733 1342 802 1374 τοῖς
830 1337 942 1374 ἄλλοις
970 1336 1138 1376 ὑπέδειξα,
1167 1334 1212 1367 δι’
1230 1333 1278 1367 ὧν
1301 1336 1379 1373 τοὺς
1407 1336 1529 1376 λόγους

213 1392 350 1433 ἡδίους
369 1390 411 1422 ἂν
430 1391 496 1431 ἅμα
511 1390 566 1422 καὶ
585 1390 802 1432 πιστοτέρους
819 1395 958 1422 ποιοῖεν.
987 1387 1035 1422 ὧν
1054 1387 1156 1422 οὐδὲν
1169 1388 1217 1421 ἔτι
1237 1389 1383 1430 δύναμαι
1397 1387 1454 1420 διὰ
1468 1387 1529 1430 τὴν

211 1445 358 1486 ἡλικίαν,
378 1443 448 1476 ἀλλ’
468 1444 595 1486 ἀπόχρη
616 1443 672 1486 μοὶ
693 1449 869 1485 τοσοῦτον,
888 1443 931 1484 ἣν
950 1443 1051 1481 αὐτὰς
1075 1444 1132 1481 τὰς
1154 1442 1288 1484 πράξεις
1316 1442 1446 1480 ἁπλῶς
1469 1441 1529 1474 δυ-

211 1502 306 1540 νηθῶ
331 1499 490 1530 διελθεῖν.
519 1497 582 1529 Sed
601 1497 759 1529 Isocrates
779 1498 839 1529 etsi
859 1498 895 1529 τὸ
915 1497 979 1539 ἡδὺ
1000 1499 1032 1529 et
1055 1497 1162 1539 ipsum
1181 1507 1215 1528 se
1239 1495 1377 1528 coluisse
1395 1497 1429 1528 et
1447 1494 1528 1527 ulios

211 1552 360 1584 docuisse
379 1551 508 1593 fatetur,
527 1553 635 1583 tamen
650 1551 803 1583 virtutem
823 1550 940 1589 λέξεως
955 1562 1025 1583 eam
1040 1562 1105 1583 non
1119 1550 1248 1583 videtur
1260 1549 1384 1582 fecisse.
1413 1547 1529 1591 Itaque

209 1617 289 1638 num
305 1605 436 1638 omnino
451 1605 588 1637 virtutes
604 1604 731 1637 dicendi
745 1604 938 1637 elocutionis
958 1604 1202 1636 fundamentum
1217 1603 1339 1645 fecerit,
1357 1602 1527 1636 nescimus.

212 1659 300 1697 Quae
329 1659 367 1690 de
391 1658 572 1690 elocutione
596 1656 850 1700 inveniuntur'),
873 1668 946 1690 cum
969 1657 1156 1689 Aristotelis
1178 1657 1384 1699 potissimum
1406 1655 1528 1699 perspi·

210 1713 333 1744 euitate
353 1712 531 1753 comparari
551 1714 695 1753 possunt.

303 1765 460 1797 Similiter
489 1776 538 1797 res
572 1776 606 1796 se
631 1765 731 1797 habet
757 1766 789 1796 in
816 1764 1024 1796 Anaximene.
1058 1764 1107 1797 De
1132 1763 1314 1797 elocutione
1339 1765 1447 1795 autem
1472 1761 1528 1795 hic

211 1820 322 1851 rhetor
341 1819 420 1851 satis
446 1818 552 1850 brevis
572 1821 628 1850 est.
657 1818 764 1860 Atque
789 1819 955 1860 complura
974 1819 1041 1850 eius
1065 1819 1235 1860 praecepta
1258 1827 1331 1849 cum
1350 1808 1527 1848 Aristotele

207 1884 388 1915 congruere
402 1872 636 1904 Wendlandius
657 1872 889 1904 demonstravit
905 1870 1023 1914 (Anax.
1037 1882 1065 1903 v.
1080 1871 1116 1903 L.
1130 1882 1160 1913 p.
1175 1869 1317 1912 44sqq.).
1345 1868 1422 1902 Non
1440 1869 1527 1901 inve-

210 1927 300 1958 nitur
319 1926 404 1968 apud
430 1937 502 1957 eum
528 1937 644 1958 nomen
674 1925 785 1967 ἀρετή,
814 1936 1009 1966 quamquam
1033 1927 1065 1957 et
1087 1925 1156 1966 ipse
1185 1934 1312 1966 quoque
1340 1924 1527 1965 σαφήνειαν

211 1979 365 2022 postulat.
400 1978 462 2011 Sed
491 1979 566 2010 finis
594 1982 643 2011 est
675 1980 864 2020 καλλίστη
894 1978 979 2017 λέξις
1007 1989 1032 2011 c.
1047 1977 1090 2009 23
1119 1977 1164 2019 (p.
1179 1975 1413 2019 2lO,2lsqq.):
1437 1975 1527 2015 ὅπως

207 2032 247 2066 δὲ
272 2034 451 2074 καλλίστην
470 2034 618 2074 ποιήσεις
637 2033 698 2074 τὴν
722 2031 899 2074 ἑρμηνείαν
922 2037 987 2064 νῦν
1015 2031 1208 2073 δηλώσομεν
1231 2029 1272 2073 (c.
1287 2029 1354 2072 24).
1383 2032 1527 2071 Πρῶτον

304 2110 328 2141 1)
343 2089 456 2139 citisus
476 2107 511 2134 de
530 2106 673 2133 vocabulis
694 2106 756 2133 vide
771 2105 993 2141 Geigenmiiller:
1014 2104 1199 2138 Quaestiones
1219 2104 1410 2138 Dionysianae
1428 2103 1464 2131 de
1479 2111 1527 2132 vo-

208 2147 320 2175 cabulis
339 2147 408 2174 artis
433 2147 555 2174 criticae.
585 2147 658 2174 Dies.
683 2147 757 2181 Lips.
779 2149 857 2179 1908,
885 2155 912 2180 p.
930 2150 961 2172 13
981 2147 1011 2172 et
1030 2148 1071 2172 14.
1101 2145 1155 2172 Sed
1183 2143 1312 2180 ἀκρίβεια
1340 2144 1376 2171 ab
1403 2143 1527 2171 Iacer-te

211 2189 303 2222 magis
323 2188 357 2214 ad
378 2189 517 2220 ornatum,
546 2196 630 2221 quam
651 2187 686 2213 ad
706 2186 868 2221 ἑλληνισμόν
887 2186 1000 2220 proprie
1022 2186 1129 2212 dictum
1148 2185 1259 2211 videtur
1286 2183 1444 2211 adhibitum
1464 2191 1525 2211 esse

211 2228 247 2255 ef.
267 2228 596 2302 Passefixeoilcongessit
611 2267 752 2294 Sheehan:
774 2267 813 2293 De
829 2266 883 2293 fide
898 2267 967 2293 artis
981 2266 1111 2292 rhetoric.
1127 2265 1243 2292 Isocrati
1257 2264 1421 2297 attributae,
1435 2264 1525 2292 Bonn.

211 2309 285 2336 Diss.
307 2311 373 2335 1901
394 2317 420 2343 p.
437 2311 536 2342 30sqq.
