1566 2592
542 158 583 185 De
602 157 692 184 tribus
712 157 826 184 dicendi
844 158 1002 192 generibus.
1358 158 1420 189 101

116 241 250 282 indoles,
269 240 356 282 quod
375 240 415 271 ad
433 239 521 278 λέξιν
540 239 664 280 attinet,
683 250 701 270 a
720 239 816 270 tertio
827 238 875 270 De
887 238 1022 271 Oratore
1038 239 1122 271 libro
1137 239 1231 280 plane
1245 239 1349 270 aliena
1363 241 1421 271 est.
1461 251 1464 263 1

115 294 285 326 Librorum
305 295 411 325 autem
431 303 561 325 examen
580 303 640 324 nos
659 292 768 324 docuit
792 292 824 323 in
850 292 967 323 librum
986 292 1035 323 De
1054 291 1106 323 Or.
1127 303 1242 334 genera
1260 304 1326 324 non
1346 303 1421 334 qua-

116 346 220 388 drare,
245 347 320 388 quia
337 341 507 388 praecepta
526 344 640 383 λέξεως
663 346 912 386 perlustrantur,
935 346 967 376 111
988 345 1122 377 Oratore
1140 347 1241 377 totam
1262 347 1422 386 quaestio-

114 411 188 433 nem
211 400 349 442 pendere
373 410 391 430 a
415 398 598 442 generibus,
622 410 694 430 cum
719 400 861 430 oratores
885 401 1074 430 censeantur
1097 401 1129 430 et
1152 401 1321 440 praecepta
1339 401 1420 430 teste

114 453 222 485 Tullio
242 453 440 484 omittantur.
469 451 587 493 Nemo,
607 452 734 493 opinor,
753 452 816 483 iam
837 451 1008 483 mirabitur
1025 452 1060 483 in
1080 451 1325 483 ‘Partitionibus
1345 451 1421 484 Ora-

113 507 226 547 toriis’,
245 506 361 547 quibus
380 507 550 547 praecepta
569 505 602 536 in
621 507 829 547 conspectum
849 505 1055 547 colliguntur,
1074 505 1209 536 virtutes
1229 508 1293 546 aut,
1313 507 1349 537 ut
1367 505 1421 537 hic

113 559 328 602 appellantur,
349 559 494 590 ‘lumina'
515 558 670 590 orationis
689 559 819 599 exponi,
841 559 903 589 tria
922 560 1028 590 autem
1048 569 1165 600 genera
1185 558 1312 589 silentio
1332 570 1419 599 prae-

112 612 211 644 terin'.

201 665 305 698 Nobis
330 665 368 697 de
391 666 515 697 ratione
538 666 622 697 inter
649 676 766 707 genera
793 667 826 697 et
852 666 987 697 virtutes
1016 665 1243 706 quaerentibus
1271 665 1422 697 subvenit

111 719 208 751 etiam
226 718 355 751 libellus
375 719 411 760 is,
432 729 527 760 quem
547 719 585 750 de
604 719 726 760 optimo
746 729 861 761 genere
881 721 1043 750 oratorum
1063 719 1236 750 inscribere
1255 719 1419 751 consuevi-

111 783 197 814 mus,
222 783 318 814 quam
337 772 568 814 praefationem
589 771 698 803 Cicero
719 772 919 804 orationibus
939 771 976 803 de
997 782 1115 804 corona
1134 772 1167 803 111
1186 771 1336 804 Latinum
1357 783 1419 803 ser-

111 836 240 857 monem
259 825 421 857 conversis
439 825 614 867 praemisit.
642 824 679 856 In
699 825 760 857 hoe
779 825 863 857 enim
882 825 1047 866 prooemio
1067 825 1106 856 de
1124 825 1248 857 ratione
1272 826 1419 857 imitandi
1464 850 1471 855 .

110 878 210 910 verba
234 879 354 910 faciens
378 889 495 921 genera
520 878 645 910 dicendi
670 879 710 910 ab
737 878 941 910 institutione
967 878 1107 909 oratoria
1130 878 1247 910 diserte
1271 879 1420 920 repudiat

111 942 213 972 eaque
242 931 344 963 defert
371 932 410 963 ad
439 931 607 963 historiam
632 931 789 963 clarorum
814 933 977 963 oratorum
1001 931 1256 973 describendam,
1284 943 1356 963 cum
1381 932 1419 964 de

111 985 256 1026 personis
271 985 378 1017 dicant
394 985 525 1026 aliquid,
545 984 628 1016 nihil
643 985 681 1016 de
696 995 737 1016 re.
765 984 870 1016 Locus
884 985 945 1015 iste
959 984 999 1016 ad
1013 984 1170 1016 rationem
1186 985 1270 1017 inter
1283 986 1418 1018 virtutes
1446 1012 1448 1022 χ

110 1040 143 1070 et
161 1049 278 1080 genere¹
297 1038 522 1070 dinoscendam
537 1040 603 1069 tam
618 1040 666 1070 est
681 1038 823 1079 idoneus,
843 1040 879 1069 ut
894 1037 1010 1080 dignus
1026 1038 1076 1079 sit,
1096 1038 1151 1079 qui
1166 1040 1254 1070 totus
1269 1039 1419 1070 audiatur
1448 1026 1453 1072 ¹,

111 1090 164 1134 (de
183 1094 248 1134 opt.
267 1102 338 1133 gen.
355 1091 476 1134 lsqq.):
499 1090 690 1133 „oratorum
715 1102 832 1133 genera
856 1101 924 1122 esse
948 1091 1099 1122 dicuntur
1122 1093 1286 1132 tamquam
1310 1094 1419 1132 poeta-

109 1144 225 1187 rum;¹)
244 1145 276 1176 id
296 1156 386 1177 secus
406 1147 467 1185 est,
485 1156 560 1176 nam
580 1144 716 1176 alterum
737 1146 786 1176 est
805 1143 1004 1185 multiplex.“
1032 1144 1142 1176 Poesis
1161 1145 1246 1176 enim
1266 1156 1284 1175 a.
1302 1147 1418 1176 natura

109 1198 144 1230 in
166 1199 290 1231 diversa
314 1209 433 1241 genera
458 1198 624 1240 dividitur,
653 1199 804 1239 quoniam
831 1198 1027 1240 tragoediam
1048 1209 1067 1230 a
1085 1198 1263 1239 comoedia,
1291 1198 1417 1239 epicum

109 1263 236 1284 carmen
260 1263 278 1283 a
301 1252 537 1293 dithyrambico
561 1252 786 1284 secernendum
812 1262 880 1283 esse
904 1263 1014 1283 omnes
1038 1251 1224 1284 concedunt.
1254 1251 1418 1283 Orationis

109 1307 220 1337 contra
247 1317 347 1337 unum
380 1308 428 1337 est
455 1317 569 1348 genus,
598 1317 670 1337 011111
698 1316 806 1337 omnes
841 1305 976 1337 debeant
1002 1307 1143 1337 oratores
1169 1305 1359 1346 persuadere
1385 1307 1418 1336 et

109 1358 250 1390 docendo
274 1361 306 1391 et
329 1359 515 1391 delectando
539 1361 571 1390 et
593 1358 818 1400 permovendo.
848 1358 1035 1400 „Oratorem
1063 1369 1178 1401 genere
1204 1369 1268 1390 non
1295 1358 1417 1400 divido3

107 1412 285 1453 perfectum
301 1412 386 1443 enim
406 1423 533 1453 quaero.
562 1411 670 1444 Unum
686 1414 734 1443 est
749 1414 855 1443 autem
871 1423 972 1454 genus
988 1412 1121 1453 perfecti
1137 1437 1143 1443 .
1160 1437 1166 1443 .
1181 1436 1187 1442 .
1204 1437 1210 1443 .
1238 1411 1415 1453 Optumum

109 1465 237 1506 quidem
257 1476 355 1496 unum
375 1467 424 1497 est
443 1467 475 1496 et
492 1465 691 1507 proximum,
709 1465 796 1506 quod
815 1466 845 1497 ei
865 1465 1095 1497 simillimum.“
1121 1464 1172 1496 Ex
1192 1464 1252 1496 hac
1271 1476 1328 1496 sua
1347 1476 1416 1496 sen-

108 1518 209 1550 tentia
227 1529 282 1550 eos
301 1518 406 1560 reicit,
431 1519 486 1560 qui
505 1518 539 1550 111
562 1518 787 1560 praecipienda
806 1521 874 1550 arte
892 1518 1063 1561 generibus
1087 1517 1264 1561 utunturfl)
1293 1518 1341 1550 De
1361 1518 1416 1550 ho-

107 1571 247 1603 minibus
266 1571 351 1603 enim
371 1572 494 1613 dicunt,
513 1572 540 1604 si
560 1583 628 1604 eam
649 1583 744 1613 quam
763 1574 910 1613 peractae
929 1571 1043 1603 aetatis
1063 1574 1204 1604 oratores
1228 1572 1414 1603 facultatem

107 1624 231 1656 dicendi
254 1625 361 1666 adepti
385 1626 463 1666 sint,
487 1626 674 1667 ostendunt,
693 1636 765 1656 cum
789 1625 867 1656 artis
887 1625 929 1657 sit
947 1625 1030 1656 hanc
1054 1625 1231 1666 praeceptis
1256 1625 1415 1656 instruere

107 1677 231 1710 dicendi
246 1678 412 1720 rationem,
427 1689 491 1720 qua
505 1678 618 1710 melior
632 1689 697 1710 non
712 1680 770 1720 est,
784 1681 820 1710 ut
834 1678 935 1710 futuri
950 1679 1053 1711 sciant
1068 1681 1221 1720 oratores,
1240 1678 1317 1719 quid
1333 1689 1415 1719 opus

107 1731 149 1762 sit
163 1731 203 1762 ad
218 1731 297 1763 bene
311 1731 490 1763 dicendum.
517 1731 707 1773 „Oratorum
724 1734 830 1763 autem
841 1732 868 1763 si
879 1732 951 1773 quis
962 1732 1007 1763 ita
1017 1734 1164 1763 numerat
1180 1732 1274 1773 plura
1289 1742 1415 1773 genera,

105 1786 143 1816 ut
161 1783 241 1816 alios
260 1785 396 1826 grandes
413 1810 419 1816 .
435 1810 440 1816 .
457 1810 463 1816 .
480 1810 486 1816 .
501 1785 580 1816 alios
606 1787 717 1816 tenues
738 1811 742 1816 .
760 1810 767 1816 .
783 1810 788 1816 .
809 1785 890 1816 alios
909 1785 955 1816 eis
983 1785 1168 1816 interiectos
1188 1787 1220 1816 et
1247 1787 1413 1825 tamquam

106 1838 228 1869 medios
247 1840 347 1879 putet,
367 1838 404 1870 de
422 1838 596 1870 hominibus
615 1838 690 1870 dicit
709 1838 840 1878 ahquid,
859 1839 896 1870 de
914 1849 948 1870 re
960 1849 1087 1878 parum.
1116 1837 1153 1869 In
1169 1849 1202 1870 re
1221 1838 1316 1879 enim,
1335 1838 1413 1879 quid

106 1892 271 1931 optumum
288 1892 339 1932 sit,
359 1892 531 1933 quaeritur,
550 1892 584 1923 in
598 1892 728 1923 homine
743 1891 868 1931 dicitur,
884 1891 970 1932 quod
985 1891 1061 1923 est.“
1090 1891 1159 1929 Qua
1173 1892 1273 1933 igitur
1288 1891 1413 1922 ratione

196 1966 222 1997 1)
240 1965 334 1992 Cicero
353 1966 440 2000 igitur
459 1965 697 1999 comparationem
717 1965 803 1991 sumit
821 1973 838 1991 a
853 1965 990 1992 divisione
1004 1965 1198 2000 grammatica,
1218 1967 1249 1991 ut
1264 1974 1313 1992 uos
1329 1974 1414 1999 supra

106 2004 304 2038 temptavimus
323 2014 426 2039 genera
446 2006 481 2031 ad
501 2005 592 2038 κρίσιν
612 2005 825 2040 grammaticam
845 2005 956 2034 referre.
985 2005 1038 2032 Sed
1058 2006 1157 2040 negari
1175 2006 1274 2039 nequit
1292 2014 1325 2032 ea
1347 2014 1411 2039 poe-

106 2052 167 2070 seos
181 2052 293 2078 genera.
307 2053 379 2078 quae
394 2047 547 2077 enumerat,
567 2045 690 2071 Tullium
704 2045 809 2071 iniuria
823 2053 885 2071 011111
900 2046 990 2071 tribus
1005 2046 1155 2080 generibus
1171 2046 1291 2078 dicendi,
1311 2045 1411 2080 grandi

106 2083 198 2110 medio
223 2084 332 2117 subtili,
353 2093 521 2119 comparare.
549 2085 655 2111 Debuit
683 2085 757 2111 enim
777 2086 935 2111 orationum
963 2085 1024 2119 εἴόη
1049 2086 1186 2119 conferre⁷
1206 2085 1314 2112 scilicet
1333 2084 1413 2120 γένος

105 2123 290 2150 ἐπιδεικτικὸν
309 2124 540 2159 συμβουλευτικόν
559 2124 714 2151 δικανικόν.

195 2165 220 2198 2)
241 2164 330 2195 Quam
348 2165 589 2198 reprehensionem
608 2173 643 2191 ne
663 2165 734 2191 forte
754 2165 782 2191 in
802 2165 891 2199 ipsius
911 2174 1021 2199 quoque
1039 2165 1124 2191 Tullii
1145 2166 1288 2191 Oratorem
1310 2165 1410 2192 eadere

106 2203 211 2236 credas,
230 2204 390 2230 memineris
404 2212 507 2238 quaeso
522 2213 584 2231 eum
604 2213 707 2239 genera
722 2213 754 2231 eo
774 2205 908 2231 adhibere
928 2205 1053 2237 consilio,
1073 2207 1104 2231 ut
1119 2205 1292 2231 adversarios
1312 2205 1410 2237 isdem,

105 2243 206 2276 quibus
225 2251 351 2277 pugnare
376 2244 516 2277 solebant,
540 2245 624 2270 armis
648 2244 773 2272 reiceret.
801 2245 998 2271 Demonstrare
1023 2247 1117 2271 autem
1141 2245 1250 2271 studuit
1272 2244 1343 2270 nulli
1362 2253 1410 2278 ge-

104 2283 164 2309 neri
184 2284 318 2317 optimam
339 2283 451 2310 dicendi
470 2284 587 2310 formam
610 2284 762 2316 inhaerere,
790 2285 884 2311 omnia
902 2293 967 2311 vero
986 2293 1089 2319 genera
1108 2285 1136 2310 iu
1156 2293 1189 2310 ea
1208 2293 1268 2311 esse
1291 2284 1409 2310 inclusa.

104 2322 181 2355 Quae
201 2323 273 2349 ratio
293 2332 355 2349 cum
374 2323 465 2350 libelli
484 2324 519 2351 de
538 2324 644 2358 optimo
663 2332 764 2359 genere
784 2325 924 2351 sententia
944 2325 1013 2351 bene
1033 2325 1180 2351 consentit.
