1566 2592
388 168 429 195 De
447 168 583 195 virtutum
603 167 715 194 dicendi
735 176 797 194 eum
817 167 966 202 generibus
986 167 1156 194 confusione.
1364 168 1438 199 119·

120 251 280 292 pertinere
299 252 332 282 et
350 260 425 281 vera
442 249 549 281 indole
567 249 744 280 narrationi
764 249 910 290 proprias
932 259 1009 281 esse.
1039 248 1120 280 Sane
1145 249 1291 281 confusio
1316 249 1431 281 deinde

120 304 207 342 facta
230 305 286 335 est.
315 303 376 334 Sed
395 302 566 335 infeliciter
583 302 699 333 accidit
718 301 889 342 Dionysio,
913 302 999 342 quod
1023 313 1112 333 suam
1137 302 1357 334 confusionem
1378 302 1428 333 de-

121 357 249 388 fendere
275 359 307 388 et
329 356 464 398 probare
488 355 596 387 studet
620 355 808 387 confusione
832 356 928 396 paulo
948 356 1123 387 vetustiore
1146 355 1202 387 illa
1226 356 1369 396 quidem,
1397 358 1431 387 at

122 420 188 441 non
206 410 312 441 minus
331 409 420 440 falsa.
448 408 592 449 Utraque
611 419 650 439 ex
669 408 794 439 nefasto
818 408 1025 439 matrimonio
1050 410 1121 439 orta
1145 411 1194 439 est
1218 410 1309 450 quasi
1327 409 1429 440 Mino-

122 464 233 494 taurus
255 461 446 502 rhetoricus,
470 462 525 494 sed
548 462 623 503 hoo,
648 461 734 502 quod
754 473 772 492 a
790 461 947 503 Dionysio
971 461 1118 494 iunctum
1142 463 1204 502 est,
1228 462 1430 494 inhonestius

122 515 218 547 etiam
238 517 296 556 est,
315 526 410 556 quam
431 515 520 556 illud,
539 514 624 556 quod
644 514 699 546 alii
718 516 791 546 ante
811 525 883 546 eum
903 514 1084 546 iunxerunt.

212 573 299 611 Quae
318 583 390 604 eum
410 573 456 604 ita
475 572 540 604 sint
558 573 591 604 in
610 572 720 604 libello
740 572 778 604 de
797 572 1028 613 Demosthene,
1050 583 1186 614 eumque
1205 573 1363 604 virtutum
1382 583 1430 604 or-

122 626 228 658 dinem
255 626 323 668 ipse
342 626 518 668 Dionysius
544 626 736 658 confiteatur
761 637 794 657 se
820 626 994 657 mutavisse
1021 627 1053 657 et
1075 625 1109 656 in
1132 636 1249 657 novam
1269 625 1431 656 iudicandi

122 680 259 711 oratoris
278 680 436 711 rationem
451 690 507 720 per
520 679 586 711 vim
606 678 823 720 inculeavisse,
842 679 906 710 iam
925 681 1061 720 constat,
1081 690 1178 720 quam
1198 681 1289 711 caute
1304 679 1440 720 singula.

123 732 305 775 fragmenta
324 732 539 774 Theophrasti
557 743 595 764 ex
617 744 654 764 eo
675 732 759 764 libro
779 733 975 774 excerpenda
994 733 1066 764 sint.
1099 732 1205 764 Nemo
1225 732 1310 764 enim
1328 732 1434 763 nescit

124 786 234 817 eadem
262 786 359 818 verba
384 786 471 818 varie
499 786 644 828 intellegi
670 786 704 817 in
730 785 853 817 diverso
880 786 1111 818 sententiarum
1138 788 1290 817 contextu
1316 786 1432 826 posita.

125 838 283 877 Quoniam
308 839 408 881 igitur
430 839 568 871 vidimus
592 840 677 881 apud
701 839 959 880 Theophrastum
984 840 1052 871 sine
1077 839 1176 871 dubio
1202 839 1339 871 virtutes
1365 849 1441 871 esse·

125 894 288 933 tractatas,
307 904 359 924 eas
374 904 392 924 a
406 892 564 934 Dionysio
580 903 648 924 esse
668 892 820 924 dissectas
840 894 872 924 et
890 893 1008 924 divisas
1028 895 1060 924 et
1079 892 1113 924 in
1132 893 1231 924 alium
1246 894 1434 924 contextum

125 945 275 988 illigatas,
293 946 434 978 indolem
453 956 549 987 porro
570 946 680 977 iudicii
701 946 738 977 de
753 945 970 977 Demosthene
989 946 1045 978 lati
1067 948 1098 978 et
1112 946 1303 977 imitationis
1318 945 1433 977 doetri-

123 1009 213 1041 nam,
236 1010 299 1040 qua
317 999 445 1040 nititur,
464 999 673 1031 recentiorem
693 999 878 1031 Aristotelis
898 999 1054 1041 discipulo
1075 1010 1156 1040 esse,
1181 999 1435 1040 unumquodque

125 1052 357 1094 fragmentum,
387 1052 473 1093 quod.
499 1064 517 1084 a
542 1052 764 1094 Theophrasto
790 1053 925 1094 petitum
955 1064 1022 1084 esse
1049 1052 1225 1094 Dionysius
1251 1052 1343 1092 dicit,
1370 1063 1435 1083 non

127 1105 235 1141 80111111,
246 1105 291 1137 ita
305 1105 599 1147 interpretabimur,
618 1107 654 1136 ut
669 1105 819 1147 Dionysii
833 1106 916 1137 ratio
932 1106 1033 1147 offert,
1053 1107 1109 1138 sed
1127 1106 1225 1137 verba
1244 1107 1316 1146 ipsa
1330 1116 1387 1146 per
1402 1116 1435 1137 se

125 1159 401 1200 perpendebimus‚
422 1159 499 1200 quid
519 1159 581 1190 sibi
600 1159 707 1190 velint.

216 1215 325 1248 Unum
344 1218 450 1248 autem
471 1216 504 1247 in
523 1218 593 1248 toto
613 1217 696 1248 libro
717 1217 930 1258 Theophrasti
949 1218 1165 1258 fragmentum
1185 1216 1360 1257 invenitur,
1380 1217 1437 1248 sed
1481 1248 1483 1251 ,

126 1269 351 1312 gravissimum
371 1270 433 1301 1100
452 1281 520 1302 0880
540 1270 613 1301 111ᾶο
638 1271 857 1312 cognoscitur,
881 1270 967 1312 quod
991 1281 1028 1301 eo
1049 1270 1117 1302 solo
1136 1270 1185 1301 usi
1206 1271 1290 1310 sunt,
1309 1272 1345 1301 ut
1363 1281 1436 1311 pro—

126 1322 240 1354 barent
264 1323 326 1354 tria
349 1334 465 1365 genera
488 1334 506 1354 a
526 1323 748 1365 Theophrasto
773 1335 840 1355 esse
865 1324 1019 1365 exposita.
1048 1323 1225 1364 Dionysius
1245 1323 1330 1355 enim
1350 1325 1437 1364 post—
1477 1315 1481 1341 5

127 1386 223 1416 quam
244 1376 306 1408 duo
326 1387 451 1418 genera,
470 1377 602 1417 ὑψηλόν
621 1378 653 1408 et
673 1378 764 1408 λιτόν
784 1377 939 1418 (ἰσχνόν),
957 1377 1118 1417 tractavit,
1136 1377 1198 1407 hoe
1216 1377 1311 1408 modo
1331 1377 1440 1419 pergit

127 1428 172 1471 (p.
188 1429 288 1461 958R
304 1440 328 1461 c.
344 1429 393 1471 3).
417 1430 516 1471 Τρίτη
536 1429 651 1468 λέξεως
665 1429 780 1470 <ἰδέα>
794 1428 836 1471 ἦν
855 1431 874 1471 ἡ
893 1432 991 1471 μικτή
1009 1442 1044 1462 τε
1063 1429 1116 1462 καὶ
1133 1431 1296 1468 σύνθετος
1311 1430 1345 1462 ἐκ
1361 1431 1436 1462 τού-

127 1495 194 1514 των
213 1489 280 1514 τῶν
299 1482 441 1525 δυεῑνῑ),
469 1483 510 1524 ἣν
535 1482 552 1514 ὁ
579 1481 640 1524 μὲν
667 1489 796 1523 πρῶτος
824 1483 1052 1525 ἁρμοσάμενος
1080 1482 1134 1515 καὶ
1158 1486 1362 1524 καταστήσας
1391 1484 1441 1521 εἰς

128 1536 187 1568 τὸν
211 1540 275 1567 νῦν
298 1536 489 1578 ὑπάρχοντα
511 1538 636 1576 κόσμον
659 1540 691 1568 εἷ’
712 1548 746 1568 τε
772 1537 990 1578 Θρασύμαχος
1014 1537 1030 1568 ὁ
1056 1537 1284 1578 Καλχηδόνιος
1308 1534 1364 1577 ἦν,
1394 1537 1440 1574 ὡς

129 1592 232 1621 οἴεται
248 1591 468 1631 Θεόφραστος,
483 1593 546 1621 εἴτε
562 1591 660 1627 ἄλλος
674 1602 722 1627 τις
729 1589 766 1632 ²),
781 1590 842 1622 οὐκ
857 1589 918 1632 ἔχω
935 1589 1043 1630 λέγειν
1055 1589 1228 1632 (Frgle
1236 1589 1436 1632 Seh.p.6M).

129 1642 256 1674 Primus
271 1642 498 1674 Westermann
512 1642 638 1686 (Gesoh.
655 1643 683 1675 d.
699 1643 825 1675 Bereds.
840 1643 855 1675 I
870 1655 899 1684 p.
913 1644 976 1675 170
991 1646 1023 1675 et
1037 1644 1143 1675 adnot.
1160 1643 1194 1686 8)
1215 1643 1274 1675 etsi
1289 1654 1355 1675 non
1369 1643 1442 1675 sine-

129 1696 329 1728 dubitatione
353 1708 391 1727 ex
414 1696 476 1728 hoc
499 1696 569 1728 1000
589 1696 812 1738 Theophrasto
835 1697 951 1728 tribuit
970 1698 1032 1728 tria
1054 1708 1183 1739 genera,
1208 1697 1309 1728 multo
1334 1697 1438 1739 magis

129 1749 336 1791 Dionysianis
347 1750 452 1781 verbis
468 1750 607 1781 confisus
618 1752 667 1782 est
681 1750 771 1782 Rabe
786 1752 817 1781 et
831 1750 973 1792 plurimi,
984 1750 1022 1782 de
1037 1751 1154 1791 quibus
1165 1751 1199 1782 in
1214 1750 1318 1791 capite
1332 1751 1443 1791 primo

130 1802 279 1844 diximus,
298 1814 370 1834 011111
386 1803 487 1834 secuti
502 1805 584 1834 sunt.
614 1803 648 1835 Si
663 1803 812 1845 Dionysii
827 1814 920 1835 usum
936 1804 1107 1835 verborum
1121 1804 1438 1845 Theophrasteorum
1467 1827 1483 1863 ᾗ

130 1855 257 1888 fidelem
277 1859 370 1898 putas
391 1858 423 1888 et
441 1867 504 1887 una
523 1867 595 1888 011111
615 1857 679 1888 11118
700 1857 824 1898 recipis,
845 1857 924 1889 haee
943 1858 1102 1889 sententia
1121 1868 1195 1888 vera
1214 1857 1342 1888 videtur
1361 1867 1438 1888 esse.
1468 1865 1471 1871 “

132 1907 190 1940 Sin
208 1911 314 1941 autem
333 1909 608 1942 Halicarnasensis
628 1910 765 1942 rhetoris
785 1910 942 1941 rationem
961 1911 1130 1942 nobiseum
1149 1913 1335 1951 persecutus
1355 1921 1387 1941 es
1408 1913 1440 1941 et

131 1962 206 2003 vim,
222 1973 317 2003 quam
331 1963 499 1995 vetustiori
514 1963 678 1995 doctrinae
693 1963 811 2005 iniecit,
826 1964 1016 2006 cognovisti,
1031 1964 1100 2005 ipsa
1111 1963 1326 2005 Theophrasti
1342 1963 1439 1994 verba

133 2015 202 2047 sine
221 2016 358 2047 confinio
378 2016 578 2058 Dionysiano
597 2028 654 2058 per
672 2028 705 2048 se
724 2017 896 2058 reputabis.
926 2017 1018 2054 Quod
1037 2028 1077 2048 ne
1097 2017 1199 2048 denuo
1224 2019 1371 2048 accurate
1394 2017 1440 2047 in-

133 2069 290 2110 cipiamus
313 2080 392 2100 neve
416 2072 560 2110 γλαῦκας
578 2069 732 2111 Ἀθήναζε
756 2070 909 2111 feramus,
934 2070 1028 2102 nobis
1051 2071 1210 2112 permittit
1229 2070 1444 2101 Americanus

132 2122 182 2154 vir
206 2122 410 2154 doctissimus
429 2122 667 2164 Hendriokson,
691 2123 746 2164 qui
766 2124 845 2164 acri,
869 2134 932 2164 quo
954 2125 1048 2164 solet,
1072 2123 1189 2155 iudicio
1213 2134 1289 2154 usus
1311 2123 1440 2154 demon-

134 2176 249 2207 stravit
267 2174 350 2206 nihil
368 2186 406 2206 ex
425 2175 503 2217 ipsis
522 2176 636 2218 verbis,
655 2187 736 2217 quae
756 2175 995 2218 Theophrastea
1014 2187 1082 2208 esse
1102 2178 1271 2216 constaret,
1293 2176 1442 2208 concludi

225 2295 249 2327 1)
269 2294 349 2320 δυοῖν
367 2294 461 2320 nescio
481 2302 529 2320 cur
547 2294 676 2328 Mayerus
695 2294 845 2328 scripserit.
887 2304 894 2312 ·

223 2335 250 2369 2)
269 2333 332 2361 Non
350 2333 524 2368 interpunxit
541 2334 679 2368 Mayerus.

1539 1802 1551 1817 7
