1566 2592
12 79 14 83 ⁴
8 0 42 65 Ἴ

518 158 559 184 De
580 157 765 191 Theophrasti
784 158 892 184 ratione
911 158 1054 184 virtutum.
1418 160 1437 191 9

132 241 202 271 tum
222 237 362 282 (ἀρετῶν
380 237 511 280 λέξεως)
530 239 616 280 1000,
636 238 786 270 similiter
809 241 905 280 atque
928 242 1001 271 ante
1021 251 1092 271 eum
1116 240 1194 271 fecit
1213 239 1395 273 Schmidius
1404 240 1439 284 ¹),
1451 251 1456 296 {¹

97 282 657 334 χ0011·-11·Ι;111171ῖ1ἳῑ·1ῗῖἶῖἷοῖἶιῖἷΔ’,τέ’,ῐῃωῑει
676 291 910 334 (χαρακτῆρας)
925 293 1055 324 adderet
1070 304 1124 324 eos
1145 296 1282 336 secutus,
1301 305 1437 335 quorum
1452 298 1455 336 ’1

132 346 304 378 sententias
331 344 512 376 Schmidius
538 345 677 376 refutare
704 345 836 377 studuit.
871 345 1032 377 Neutrum
1059 356 1133 377 vero
1160 346 1199 378 ad
1226 342 1460 388 Theophrasti*

131 398 248 430 librum
267 398 336 430 iure
351 398 477 439 deferri,
497 409 623 430 omnem
643 398 711 430 eius
730 399 887 430 rationem
908 398 1023 436 λέξεως
1038 399 1071 431 in
1091 399 1266 431 virtutibus
1285 400 1437 432 elocutio-

131 452 181 483 nis
195 462 263 483 esse
282 452 421 492 positam
436 462 508 482 cum
524 463 563 482 ex
582 452 737 483 virtutum
757 452 893 483 historia
912 452 992 483 mihi
1013 452 1225 484 demonstrari
1245 464 1339 494 posse
1354 453 1437 485 vide-

130 506 228 546 retur,
243 505 338 536 etiam
353 507 428 546 post
445 505 567 546 Mayeri
587 506 760 537 editionem
778 516 862 537 nova
881 506 982 537 totius
1002 506 1199 547 quaestionis
1219 506 1438 548 disputatione

131 567 210 600 opus
230 569 300 589 esse
319 558 436 590 censui.
465 557 513 589 De
533 556 669 600 singulis
689 559 835 600 partibus
855 559 889 590 in
907 559 968 590 hac
987 561 1054 590 tam
1073 559 1222 590 universa
1241 559 1438 591 dissensione

131 611 290 643 decertare
313 611 428 642 inutile
451 612 563 652 putavi
587 622 656 643 esse
674 611 737 643 nisi
758 612 797 644 iis
820 613 915 653 locis,
938 612 993 644 ubi
1014 613 1052 643 de
1072 623 1196 644 summa
1219 612 1321 644 totius
1346 623 1438 653 quae-

131 664 244 696 stionis
268 665 383 707 agitur.
416 664 466 696 Ibi
485 675 574 696 meae
600 665 776 697 sententiae
795 666 858 697 iam
885 668 979 698 antea
1004 665 1121 697 litteris
1149 668 1320 707 conceptae
1347 677 1437 708 argu-

130 720 247 759 menta,
266 718 381 759 quibus
401 718 455 750 ille
473 718 554 749 mihi
573 719 707 750 refutari
731 719 901 760 videretur,
926 719 1043 750 addidi.
1072 718 1210 750 Omnino
1230 721 1335 751 autem
1356 719 1439 751 sicut

130 771 290 802 neminem
314 772 462 803 consulto
486 772 644 813 praeterii,
669 772 758 804 euius
783 773 974 804 sententiam
1001 774 1128 804 secutus
1155 783 1236 814 sum,
1261 772 1306 804 ita
1332 784 1438 804 meum

130 834 195 855 non
215 835 283 855 esse
303 824 421 856 credidi
441 836 479 856 ex
498 835 615 866 magna
633 826 726 866 copia
744 825 933 866 litterarum,
953 836 1033 866 quae
1056 827 1166 857 nostra
1190 827 1293 857 aetate
1313 826 1351 857 de
1370 828 1438 857 arte

130 876 289 908 rhetorica
309 877 411 909 editae
431 880 514 919 sunt,
534 889 654 918 omnes,
674 878 791 919 quibus
810 879 958 911 assentiri
978 890 1043 910 non
1062 890 1204 920 possum,
1225 879 1351 910 disertis
1370 890 1439 910 ver-

132 930 180 961 bis
199 930 322 971 afferre,
339 931 402 962 nisi
421 932 530 973 magni
548 931 688 963 nominis
708 932 883 964 auctoritas
903 932 935 963 id
954 932 1148 973 postulabat.

669 1093 824 1128 CAPUT
852 1093 908 1129 II.»

237 1168 309 1216 DE
343 1154 727 1240 THEOPHRASTI
759 1170 998 1218 RATIONE
1032 1170 1334 1219 VIRTUTUM.

220 1266 330 1299 Cicero
354 1268 387 1299 in
409 1267 565 1299 ‘Oratore’
587 1267 733 1311 (75sqq.)
759 1268 943 1300 Atticorum
969 1269 1087 1300 subtile
1110 1279 1212 1311 genus
1237 1269 1362 1301 dicendi
1389 1269 1439 1300 de-

132 1320 244 1352 scribit
261 1322 358 1362 atque
377 1323 547 1362 postquam
567 1321 746 1363 simplicem
766 1323 833 1354 eius
853 1322 979 1364 generis
1005 1323 1163 1353 rationem
1183 1333 1220 1353 ex
1241 1321 1438 1353 ornamentis

131 1373 300 1405 verborum
320 1376 486 1415 tantopere
510 1375 636 1416 exemit,
662 1377 699 1406 ut
725 1376 884 1417 elegantia
909 1375 1005 1406 modo
1025 1378 1058 1406 et
1084 1375 1243 1406 munditia
1268 1377 1438 1415 remaneat,

132 1426 177 1458 ita
195 1427 313 1469 pergit:
332 1426 463 1468 „Sermo
478 1439 577 1468 purus
593 1429 653 1459 erit
667 1430 699 1459 et
713 1428 855 1469 Latinus,
875 1428 1013 1460 dilucide
1033 1429 1190 1469 planeque
1210 1428 1342 1467 dicetur,
1362 1428 1438 1468 quid

132 1479 249 1521 deceat,
265 1480 550 1522 circumspicietur3
568 1492 666 1512 unum
689 1481 801 1522 aberit,
821 1481 907 1522 quod
927 1484 1076 1522 quartum
1092 1483 1239 1512 numerat
1254 1481 1438 1522 Theophra-

132 1535 200 1564 stus
219 1533 254 1564 in
273 1533 428 1565 orationis
447 1534 609 1565 laudibus:
630 1537 778 1566 ornatum
798 1535 888 1575 illud,
908 1545 1003 1566 suave
1024 1536 1056 1566 et
1075 1534 1223 1566 afluens‘⁴.

221 1585 292 1618 Hoc
319 1587 544 1628 gravissimum
573 1587 654 1619 duco
683 1588 826 1621 omnium
855 1588 1124 1630 fragmentorum,
1153 1598 1234 1628 quae
1262 1587 1338 1618 libri
1364 1586 1450 1635 περὶ1

133 1639 247 1678 λέξεως
266 1639 305 1670 ad
324 1651 382 1671 nos
406 1642 628 1681 pervenerunt,
648 1641 681 1672 in
702 1640 753 1671 his
772 1640 870 1672 Tullii
890 1641 997 1672 verbis
1017 1652 1177 1672 summum
1197 1643 1325 1672 nostrae
1346 1651 1438 1681 quae·
1450 1637 1459 1685 ’ᾗ

132 1693 246 1724 stionis
265 1695 463 1725 momentum
484 1695 615 1726 colloco.
645 1693 706 1725 Sed
727 1695 990 1736 interpretatione
1010 1694 1253 1736 indigent‚haec
1268 1693 1372 1734 verba,
1387 1705 1438 1725 ne·
1458 1687 1460 1691 ¹

133 1756 194 1786 que
213 1746 296 1778 enim
318 1746 385 1778 sine
405 1757 499 1778 eausa
517 1748 638 1778 factum
655 1747 782 1779 videtur
801 1759 879 1788 esse,
898 1747 984 1789 quod
998 1750 1081 1779 hunc
1097 1749 1162 1778 tam
1183 1758 1311 1789 gravem
1330 1748 1438 1779 locum

132 1799 192 1830 viri
211 1799 298 1831 docti
318 1799 450 1832 diversis
474 1800 653 1832 rationibus
677 1801 916 1842 intellexerunt,
936 1812 1129 1842 quamquam
1149 1800 1246 1832 verba
1269 1801 1338 1842 ipsa
1362 1800 1439 1832 satis

133 1854 242 1893 aperta
266 1855 353 1894 sunt,
381 1855 418 1884 ut
437 1853 474 1884 de
494 1852 655 1885 Ciceronis
680 1854 807 1894 quidem
837 1855 994 1886 sententia
1017 1855 1106 1885 nulla
1129 1854 1329 1895 relinquatur
1349 1854 1438 1885 dubi-

132 1906 221 1937 tatio.
250 1905 312 1938 Sed
333 1917 396 1947 quo
416 1907 544 1938 maioris
559 1918 609 1938 res
624 1907 778 1938 momenti
794 1910 850 1948 est,
865 1919 902 1939 οο
919 1907 1106 1950 diligentius
1121 1907 1203 1938 ratio
1223 1906 1437 1948 philologicae

133 1958 351 1999 inquisitionis
370 1962 418 1991 est
437 1960 598 1991 servanda.
628 1959 812 1992 Ciceronem
828 1972 866 1992 ex
883 1960 1035 1993 Cicerone
1055 1960 1258 2001 interpretari
1278 1960 1438 2001 debemus,

133 2011 319 2053 priusquam
344 2013 423 2044 alios
447 2015 544 2045 testes
568 2013 768 2045 advocemus.
797 2013 947 2055 Plerique
971 2016 1077 2045 autem
1106 2014 1296 2055 interpretes
1321 2025 1338 2044 a
1361 2024 1437 2044 vero

134 2064 283 2096 videntur
301 2066 471 2107 aberrasse,
491 2067 567 2108 quia
581 2077 620 2098 ex
635 2066 811 2108 Simplicio,
832 2067 868 2098 de
889 2078 952 2108 quo
972 2067 1056 2099 infra
1075 2068 1187 2108 dicam,
1206 2069 1325 2099 certam
1345 2069 1438 2098 antea

225 2162 249 2194 1)
269 2160 426 2188 Schmidius
445 2163 539 2189 tamen
558 2162 631 2188 inter
650 2163 728 2188 ideas
748 2164 776 2189 et
790 2163 907 2189 virtutes
923 2164 982 2189 tam
997 2165 1126 2189 accurate
1147 2163 1283 2195 distinxit,
1303 2163 1334 2188 ut
1353 2163 1438 2188 etiam

135 2200 245 2227 disertis
274 2201 364 2227 verbis
392 2203 499 2228 vetaret
521 2211 567 2228 eas
587 2203 720 2229 confundi
740 2203 820 2236 (Mus.
840 2203 928 2229 Rhen.
948 2205 1072 2236 49,145),
1101 2203 1230 2236 Mayerus
1261 2204 1354 2228 autem
1382 2211 1437 2228 non

135 2240 248 2267 dubitat
266 2240 344 2267 ideas
364 2249 426 2267 cum
445 2242 595 2268 virtutibus
614 2243 780 2276 permiscere
800 2244 829 2269 et
847 2243 965 2269 mixtum
987 2243 1096 2276 aliquid
1121 2243 1266 2275 describit,
1293 2243 1367 2275 quod
1388 2244 1438 2275 est,

134 2282 166 2306 ut
184 2280 270 2306 Tullii
290 2281 379 2307 verbis
404 2281 512 2314 abutar,
531 2282 693 2315 „utriusque
717 2283 858 2316 particeps
877 2283 919 2309 vel
940 2283 1094 2316 utriusque,
1115 2283 1138 2309 si
1157 2291 1250 2308 verum
1270 2282 1439 2315 quaerimus,

134 2321 228 2354 potius
248 2323 371 2354 expers“.
