1566 2592
199 148 263 180 112
765 149 858 184 Caput
877 149 950 177 vm.

287 229 350 263 Sed
371 231 408 263 de
428 230 578 273 Dionysii
598 231 769 274 generibus
788 232 1034 274 compositionis
1058 232 1137 264 satis
1162 232 1283 265 dictum
1308 234 1376 265 est:
1394 232 1515 266 Proba·

196 286 250 316 tur
269 284 355 316 enim
375 284 446 326 ipsa
464 284 567 317 libelli
587 285 801 327 dispositione
819 291 1026 327 χαρακτῆρας
1044 288 1077 318 et
1096 297 1224 318 omnem
1244 289 1378 328 partem,
1396 286 1430 318 in
1449 297 1514 330 qua

194 338 347 370 collocati
366 339 451 380 sunt,
466 338 507 370 ad
521 340 660 380 μίμησιν
675 341 706 371 et
721 339 762 370 ad
780 339 939 371 rationem
958 339 1117 371 librorum
1137 340 1323 372 criticorum
1343 340 1513 382 pertinere.

196 390 286 423 Haec
304 393 412 424 autem
430 392 514 424 ratio
533 403 552 423 s.
571 392 795 434 Theophrasto
815 392 919 424 aliena
938 395 1014 424 erat.
1043 393 1132 431 Quae
1146 404 1218 425 cum
1234 394 1280 425 ita
1294 394 1369 436 sint,
1388 404 1514 427 summa

193 445 371 486 doctrinae,
391 456 486 486 quam
508 445 685 488 Dionysius
699 446 733 477 in
752 446 836 478 libro
853 446 891 478 de
911 446 1147 488 compositione
1166 447 1337 479 verborum
1357 447 1514 490 sequitur,

194 510 236 531 ne
255 499 296 530 ad
314 499 572 541 Theophrastum
593 499 764 541 referatur,
783 500 959 532 cavendum
980 502 1038 532 est.
1066 499 1180 542 Neque
1199 511 1273 533 casu
1294 501 1413 533 factum
1432 503 1512 543 puto

194 563 274 594 esse,
293 555 331 585 ut
348 554 479 586 unicum
506 554 724 596 fragmentum
743 553 972 595 Theophrasti,
997 553 1083 595 quod
1107 554 1141 585 in
1163 554 1247 586 libro
1270 555 1346 596 περὶ
1369 553 1514 587 συνθέ-

193 615 291 644 σεως
311 618 382 638 cum
404 608 535 639 nomine
554 608 696 639 auctoris
715 607 883 649 reperitur,
903 607 973 638 sine
993 608 1060 639 ullo
1080 606 1177 639 dubio
1205 617 1243 639 ex
1268 607 1512 650 Theophrasteo

193 660 301 702 capite
320 661 396 703 περὶ
416 660 581 702 ἐκλογῆς
600 661 773 701 ὀνομάτων
793 661 1019 702 depromptum
1039 660 1083 692 sit
1102 659 1140 703 (c.
1159 660 1199 693 16
1217 671 1248 702 p.
1265 660 1326 693 101
1334 660 1386 704 R).

285 713 359 746 Non
381 715 484 746 multo
504 717 578 756 post
597 714 716 746 librum
737 714 775 746 de
796 713 1032 755 compositione
1046 713 1224 755 Dionysius
1243 713 1375 756 scripsit
1393 714 1432 747 de
1450 714 1513 748 De-

195 768 375 799 mosthenis
394 768 549 800 facultate
573 767 740 810 dicendi.¹)
775 770 880 808 Atque
903 767 984 798 mihi
1013 767 1141 809 quidem
1165 767 1204 798 de
1232 766 1381 809 Dionysii
1406 767 1512 801 verbis

193 820 376 863 (Demosth.
397 831 422 853 c.
438 822 458 853 2
478 833 507 863 p.
523 821 638 865 956R)
663 821 832 863 cogitanti:
857 823 906 858 τίς
931 819 966 853 δὲ
987 818 1028 862 ἦν
1048 820 1067 862 ἡ
1091 821 1284 862 προαίρεσις
1306 820 1411 854 αὐτοῦ
1429 819 1513 864 (scil.

196 874 343 918 Λυσίου)
358 874 412 907 καὶ
432 877 482 913 τίς
496 875 515 916 ἡ
532 876 684 916 δύναμις,
699 875 735 906 ἐν
750 880 789 918 τῇ
803 876 867 917 πρὸ
882 874 1002 915 ταύτης
1017 875 1200 916 δεδήλωται
1215 878 1328 917 γραφῇ
1342 873 1397 906 καὶ
1412 871 1515 907 οὐδὲν

194 928 248 960 δεῖ
267 933 332 960 νῦν
350 929 452 961 πάλιν
470 929 554 969 ὑπὲρ
574 934 641 960 τῶν
660 929 772 961 αὐτῶν
791 928 901 969 λέγειν
916 947 957 952 ·-
974 928 1107 960 dubium
1127 939 1193 960 non
1207 930 1266 968 est,
1285 928 1365 969 quin
1382 927 1513 970 librum,

193 993 290 1024 quem
310 985 467 1024 tenemus,
486 994 559 1014 eum
579 985 693 1024 putare
713 983 896 1023 debeamus,
915 993 1010 1024 quem
1030 993 1063 1014 se
1083 982 1121 1013 de
1141 981 1359 1014 Demosthene
1377 981 1514 1023 scriptu·

193 1047 267 1067 rum
302 1047 370 1067 esse
403 1036 580 1078 Dionysius
613 1036 764 1078 promisit
792 1036 830 1068 de
863 1037 926 1068 vet.
947 1038 1026 1068 orat.
1047 1046 1130 1067 cens.
1151 1046 1176 1067 c.
1195 1035 1217 1066 4
1240 1046 1271 1076 p.
1285 1034 1395 1067 451R.
1426 1033 1514 1068 Illud

193 1090 398 1131 prooemium
418 1090 575 1131 scriptum
600 1092 649 1122 est
668 1090 772 1122 tribus
796 1090 960 1132 prioribus
985 1089 1111 1121 iudiciis
1135 1088 1307 1130 absolutis,
1331 1098 1402 1120 cum
1422 1087 1513 1130 prius

194 1144 348 1175 volumen
367 1143 407 1175 ad
426 1143 599 1175 editionem
620 1146 800 1185 pararetur,
823 1143 1017 1175 recentiores
1042 1144 1149 1175 autem
1175 1144 1240 1174 tres
1265 1143 1409 1174 oratores
1434 1152 1515 1174 uon·-

192 1197 271 1229 dum
293 1197 423 1230 tractati
448 1199 547 1229 erant.
555 1196 579 1239 ²)
609 1197 727 1229 Postea
751 1197 861 1229 statim
881 1196 921 1228 ad
939 1196 1190 1228 Demosthenem
1215 1197 1435 1237 transgressus
1453 1197 1513 1236 est,

195 1250 383 1292 Hyperiden
397 1253 430 1282 et
444 1250 628 1283 Aeschinen
642 1251 774 1292 proprio
789 1250 909 1282 iudicio
929 1249 1104 1291 explicatos
1120 1260 1189 1281 esse
1203 1259 1268 1280 non
1283 1248 1388 1290 credo,
1403 1259 1512 1290 quam-

179 1304 243 1336 ·vis
263 1304 296 1336 id
316 1304 470 1336 simulent
489 1305 586 1336 verba
601 1304 761 1346 Dionysii,
781 1315 863 1346 quae
882 1304 1013 1336 ineunte
1032 1303 1142 1335 libello
1163 1302 1200 1333 de
1216 1301 1379 1334 Dinarcho
1398 1301 1513 1344 legun-

194 1357 289 1401 tur.·⁹’)
319 1357 403 1396 Quin
429 1358 523 1390 etiam
545 1357 773 1390 Demosthenis
798 1357 954 1390 iudicium
973 1368 1039 1388 non
1058 1356 1098 1388 ad
1121 1356 1218 1388 finem
1244 1355 1436 1397 perductum
1454 1356 1511 1387 est.

194 1411 294 1443 Deest
312 1411 398 1443 enim
417 1412 642 1454 πραγματικὸς
661 1413 760 1449 τόπος
784 1411 898 1452 omnis,
927 1422 1021 1452 quem
1046 1410 1080 1441 in
1108 1409 1272 1452 prioribus
1300 1408 1428 1440 iudiciis
1446 1418 1514 1440 non

287 1530 311 1561 1)
331 1527 375 1554 Ita
394 1535 446 1562 ego
466 1535 578 1560 quoque
598 1527 633 1553 de
656 1526 830 1560 temporibus
853 1526 961 1558 iudico,
980 1525 1034 1552 etsi
1057 1524 1173 1559 plurimi
1196 1523 1300 1550 librum
1320 1523 1355 1549 de
1374 1521 1513 1558 componi-

193 1567 272 1594 tione
292 1568 380 1594 multo
400 1567 478 1602 prius
498 1567 635 1602 scriptum
653 1568 769 1601 putant,
789 1566 874 1593 etiam
896 1567 961 1592 ante
981 1565 1088 1592 iudicia
1107 1565 1143 1592 de
1162 1564 1255 1598 Lysia,
1275 1563 1406 1596 Isocrate,
1425 1562 1512 1590 Isaeo.

193 1607 257 1640 Qua
276 1608 310 1635 de
329 1617 359 1635 re
383 1617 457 1634 nunc
476 1607 547 1634 dicit
566 1607 680 1634 Nassal:
701 1601 867 1633 Ksth.—rhet.
892 1605 1091 1639 Beziehungen
1111 1604 1249 1631 zwischen
1269 1604 1384 1638 Dionys.
1401 1602 1434 1630 R.
1453 1602 1513 1630 und

195 1648 292 1676 Cicero
312 1658 337 1683 p.
355 1652 379 1675 8.

286 1691 312 1722 2)
331 1689 404 1715 Vide
423 1690 547 1715 extrema
567 1688 653 1714 verba
671 1687 807 1722 prooemii
833 1687 867 1713 de
887 1687 939 1713 vet.
961 1687 1030 1713 orat.
1047 1694 1121 1712 cens.
1150 1685 1242 1712 Unum
1263 1685 1358 1711 autem
1377 1691 1439 1710 esse
1452 1690 1514 1710 οοιν-

194 1738 248 1764 pus
266 1729 374 1764 primae
395 1729 550 1761 συντάξεως
570 1728 605 1754 ab
625 1728 675 1754 illo
694 1727 836 1762 prooemio
861 1735 950 1760 usque
970 1727 1006 1752 ud
1026 1726 1109 1753 finem
1129 1725 1229 1752 iudicii
1248 1725 1283 1751 de
1302 1724 1382 1750 Isaeo
1405 1723 1435 1750 in
1453 1721 1513 1750 edi-

195 1770 322 1796 tionibus
341 1769 412 1796 t'also
432 1769 609 1801 distractum,
629 1768 736 1794 iudicia
755 1767 790 1794 de
810 1767 948 1793 Aeschine
967 1768 996 1794 et
1014 1766 1158 1800 Hyperide
1177 1773 1321 1799 nunquam
1340 1772 1358 1790 s.
1376 1761 1512 1797 Dionysio

193 1810 302 1844 scripta
328 1818 388 1836 esse
414 1809 544 1844 exposuit
563 1807 796 1835 Wilamowitzius
823 1807 852 1833 in
879 1808 975 1833 satura
1001 1806 1100 1833 critica
1125 1806 1246 1832 Hermae
1272 1803 1324 1831 vol.
1340 1805 1512 1836 84,626nqq.

194 1850 272 1877 Idem
292 1850 327 1876 de
347 1850 554 1884 Theophrasto:
581 1849 666 1881 „Man
692 1848 810 1874 erkennt
837 1847 933 1880 leicht‚
960 1847 1015 1873 dass
1035 1855 1065 1873 er
1083 1846 1143 1872 sich
1163 1845 1209 1872 die
1228 1843 1334 1871 Schrift
1351 1842 1401 1870 des
1419 1841 1510 1869 Theo-

193 1890 294 1925 phrast
312 1891 376 1923 περὶ
395 1889 491 1922 λέξεως
510 1889 652 1919 vomahm.
673 1888 758 1914 deren
776 1887 1004 1914 weitschauende
1024 1885 1189 1913 stilistische
1205 1883 1309 1911 Urteile
1329 1882 1513 1918 allgemeiner

195 1931 248 1957 Art
262 1939 291 1957 es
311 1929 431 1957 bewirkt
450 1930 551 1961 haben,
573 1929 628 1955 dass
644 1929 749 1962 Dionys
769 1936 799 1954 so
818 1927 890 1954 viele
910 1926 1027 1958 Proben,
1047 1926 1119 1952 auch
1138 1933 1191 1952 von
1210 1923 1397 1955 Stilmustern,
1417 1922 1464 1949 die
1482 1930 1513 1948 er

193 1971 234 1997 im
254 1972 344 1997 ersten
366 1970 460 1996 Buche
480 1970 693 2004 herangezogen
712 1969 800 2000 hatte,
820 1967 930 2001 vorlegt
947 1966 1005 1992 und
1029 1965 1199 2000 bespricht‘&
1232 1963 1290 1990 Nos
1310 1971 1373 1989 vero
1397 1962 1513 1988 demon-

194 2012 285 2038 strare
304 2011 449 2037 studemus
468 2009 656 2043 Theophrasti
676 2009 874 2035 auctoritatem
894 2006 982 2033 multo
1002 2006 1092 2041 magis
1111 2005 1233 2032 valuisse
1252 2004 1280 2030 in
1302 2003 1442 2038 prioribus
1460 2001 1513 2029 tri-

195 2051 248 2078 bus
272 2051 393 2083 iudiciis,
420 2050 587 2084 Dionysium
614 2050 708 2075 autem
729 2049 758 2075 in
783 2047 889 2074 iudicio
913 2047 948 2073 de
968 2046 1155 2074 Demosthene
1174 2045 1286 2079 Lysiam
1313 2046 1342 2070 et
1360 2043 1512 2070 Isocratem

194 2092 288 2118 denuo
308 2092 336 2117 iu
357 2100 470 2118 censum
490 2090 644 2123 vocavisse,
669 2089 737 2123 quia
756 2090 864 2115 mutata
889 2087 1035 2114 iudicandi
1059 2086 1168 2113 ratione
1192 2085 1280 2111 Attici
1300 2093 1363 2110 cum
1382 2091 1438 2110 uno
1456 2082 1512 2109 Do·

194 2133 341 2159 mosthene
361 2130 543 2165 comparandi
563 2131 652 2156 erant.
672 2129 679 2132 “

287 2174 313 2205 3>
333 2171 361 2198 C.
379 2175 391 2198 1
412 2181 439 2205 p.
456 2170 550 2197 62911:
582 2170 651 2202 Περὶ
670 2169 828 2203 Δεινάρχου
847 2172 898 2195 τοῦ
924 2166 1041 2201 (ἲήτορος
1065 2166 1148 2193 οὐδὲν
1177 2166 1294 2199 εἰρηκὼς
1318 2165 1348 2191 ἐν
1371 2168 1430 2194 τοῖς
1447 2162 1513 2196 περὶ

195 2217 251 2239 τῶν
270 2211 395 2247 ἀρχαίων
411 2215 558 2246 γραφεῖσιν
573 2210 622 2237 διὰ
636 2208 667 2236 τὸ
687 2209 753 2243 μήτε
769 2208 883 2242 εὑρετὴν
900 2207 975 2235 ἰδίου
995 2206 1139 2241 γεγονέναι
1159 2209 1333 2241 χαρακτῆρος
1346 2204 1396 2231 τὸν
1410 2203 1512 2236 ἄνδρα,

196 2252 286 2286 ὥσπερ
306 2253 355 2279 τὸν
374 2251 482 2279 Λυσίαν
502 2251 549 2277 καὶ
568 2251 616 2277 τὸν
633 2248 795 2283 Ἰσοκράτην
815 2247 926 2276 καὶτὸν
938 2247 1055 2278 Ἰσαῖον,
1075 2247 1140 2281 μήτε
1155 2251 1211 2273 τῶν
1230 2245 1390 2279 εὑρημένων
1410 2241 1514 2277 ἑτέροις

195 2292 349 2326 τελειωτήν,
378 2292 469 2325 ὥσπερ
499 2292 548 2318 τὸν
569 2289 739 2325 Δημοσθένη
768 2290 816 2316 καὶ
844 2289 894 2315 τὸν
922 2286 1040 2323 Αἰσχίνη
1069 2287 1115 2314 καὶ
1137 2285 1229 2322 (τὸν)
1244 2283 1408 2318 Ὑπερείδην
1435 2282 1514 2317 ἡμεῖς

197 2332 338 2367 κρίνομεν.
869 2335 871 2338 ⁴
