1566 2592
421 155 462 182 De
481 155 617 182 virtutum
637 154 749 182 dicendi
769 163 832 181 cum
850 155 999 190 generibus
1018 155 1188 183 confusione.
1398 156 1460 188 117

151 248 218 269 nou
236 237 327 279 faeit3
345 247 448 278 neque
467 236 552 268 enim
567 247 604 267 ea
623 236 763 277 exponit,
785 236 805 268 ἃ
824 241 894 274 τοῖς
911 235 999 278 τρισὶ
1018 237 1207 278 πλάσμασιν
1226 237 1346 278 ὁμοίως
1365 238 1463 280 παρέ-

135 327 138 330 ⁴
151 302 258 331 πεται,
274 290 349 332 quia
362 301 427 321 non
441 289 548 331 potuit
561 289 672 321 rhetor
686 289 972 331 Halicarnasensis,
987 291 1133 331 quamvis
1148 291 1228 322 bene
1244 291 1323 323 sciat
1338 291 1463 323 diversa

149 343 360 384 confundere,
384 353 536 385 generum
560 344 592 374 et
615 342 771 374 virtutum
794 343 951 374 rationem
975 344 1107 375 alteram
1132 346 1257 386 praeter
1275 346 1409 376 alteram
1428 345 1462 376 in

152 408 252 428 unum
268 395 494 437 disputationis
510 406 626 437 corpus
641 396 843 437 coniungere,
856 395 921 427 nisi
935 396 1076 428 humano
1092 398 1190 438 capiti
1205 398 1359 430 cervicem
1374 400 1462 440 equi—

151 460 226 481 nam
237 438 351 481 addere
366 459 463 480 ausus
478 450 569 480 esset.
597 448 706 480 Etiam
722 447 833 480 Cicero
849 449 994 480 confiteri
1006 450 1099 481 debet
1109 450 1142 481 in
1159 461 1312 493 generum
1323 451 1461 493 descrip-

147 502 272 534 tionem
291 502 355 534 iam
375 513 412 534 ea
431 502 575 543 dispersa
594 513 676 544 esse,
701 513 781 544 quae
804 502 921 534 iterum
946 502 979 534 in
1000 514 1096 534 unam
1116 503 1253 535 formam
1272 505 1462 537 contrahere

148 556 254 587 voluit
290 554 356 598 (Or.
374 555 460 598 134).
504 555 567 587 Sed
593 555 669 597 quia
696 566 795 597 parvo
824 566 882 587 suo
917 556 1027 588 libello
1055 567 1182 588 omnem
1208 568 1357 599 eampum
1383 558 1460 590 artis

149 610 311 650 peragrat,
340 609 446 640 minus
474 609 674 640 offendimur.
713 608 832 640 Contra
859 608 1036 650 Dionysius
1065 609 1159 641 unius
1189 610 1304 648 λέξεως
1333 611 1461 653 singula

147 664 320 703 praecepta
348 664 472 694 tractat.
507 662 541 694 Si
569 662 621 694 hic
649 662 833 704 consilium,
857 663 942 704 quod
966 674 999 694 se
1024 664 1206 704 concepisse
1229 664 1363 705 fatetur,
1390 676 1461 706 per·-

145 715 276 757 egisset,
296 715 335 747 de
349 715 566 747 Demosthene
579 717 654 757 post
668 726 820 758 generum
841 716 1087 757 descriptionem
1108 716 1192 748 idem
1211 717 1366 749 iudicium
1385 718 1460 749 scri-

148 768 224 800 bere
243 768 364 809 debuit,
384 768 476 810 quale
495 769 624 810 scripsit
643 769 685 800 de
699 769 803 811 Lysia,
823 769 861 800 de
875 768 1026 809 Isocrate,
1045 769 1082 801 de
1098 769 1198 812 Isaeo,
1217 781 1294 802 usus
1314 771 1460 803 doctrina

147 822 316 854 virtutum.
345 822 427 854 Tum
447 824 553 854 autem
573 822 635 853 duo
654 822 729 853 libri
748 822 825 854 facti
844 824 959 864 essent,
979 834 1115 863 quorum
1135 823 1217 855 alter
1235 824 1371 856 alterum
1391 825 1459 856 red-

144 874 282 907 didisset
300 886 541 916 supervacuum.
569 875 641 907 Hoc
660 875 852 917 Dionysium
871 887 936 908 non
955 876 1049 919 fugit,
1069 877 1176 918 itaque
1196 877 1277 909 illud
1295 877 1459 920 iudicium,

144 928 234 969 quod
257 928 430 960 secundum
450 929 589 970 priorem
606 929 765 960 rationem
787 929 882 961 etiam
903 930 940 961 de
959 929 1176 962 Demosthene
1196 931 1278 962 ferre
1297 931 1331 962 in
1350 932 1456 964 animo

147 981 300 1023 habebat,
324 982 454 1014 omnino
474 993 539 1014 non
558 982 761 1024 conscripsit,
784 993 888 1024 neque
907 984 974 1015 ulla
992 994 1066 1024 pars
1085 983 1163 1015 libri
1183 984 1221 1016 de
1239 984 1458 1017 Demosthene

145 1045 220 1066 cum
239 1035 343 1067 tribus
362 1035 524 1077 prioribus
544 1035 672 1067 iudiciis
687 1036 824 1068 conferri
838 1038 955 1078 potest,
973 1036 1036 1068 nisi
1050 1039 1160 1068 noster
1173 1037 1263 1069 locus
1278 1038 1394 1079 capitis
1405 1038 1458 1080 34,

143 1088 174 1119 si
194 1088 233 1120 ad
253 1099 289 1119 ea
308 1088 459 1130 attendis,
484 1099 563 1129 quae
583 1099 741 1130 exponere
760 1089 877 1130 voluit,
900 1100 967 1121 non
985 1090 1024 1121 ad
1046 1101 1095 1132 ea,
1120 1101 1200 1132 quae
1226 1091 1457 1124 confundendis

145 1141 326 1182 disciplinis
344 1152 454 1173 revera
473 1141 618 1183 protulit.

235 1194 320 1226 Nam
340 1194 515 1236 Dionysius
534 1206 607 1227 cum
626 1197 752 1237 praeter
770 1207 887 1238 genera
912 1196 1027 1238 ἀρετάς
1050 1196 1174 1229 sincera
1196 1198 1321 1230 ratione
1344 1199 1456 1230 afferre

142 1259 179 1279 se
197 1259 263 1280 non
282 1259 377 1289 posse
396 1249 602 1289 perspexerit,
621 1249 766 1290 virtutes,
786 1260 864 1290 quas
883 1255 978 1291 κοινῇ
993 1255 1073 1282 πᾶσι
1088 1257 1157 1288 τοῖς
1171 1252 1337 1291 πλάσμασι
1352 1263 1456 1293 παρα-

144 1301 377 1339 κολουθούσας
400 1312 469 1333 esse
488 1312 554 1333 non
573 1302 713 1344 ignorat,
737 1305 849 1335 contra
868 1305 1016 1334 naturam
1035 1315 1170 1346 peccans
1190 1305 1224 1336 in
1243 1307 1306 1336 tres
1327 1305 1455 1337 ordines

142 1365 202 1396 per
220 1354 283 1386 tria
297 1365 413 1396 genera
429 1355 602 1386 distribuit.
639 1355 747 1397 Digna
766 1358 816 1387 est
835 1356 993 1388 eiusmodi
1011 1357 1155 1398 partitio,
1174 1358 1208 1390 in
1224 1369 1320 1399 quam
1339 1359 1456 1391 acriter

144 1407 323 1449 invehatur,
342 1419 445 1449 neque
464 1409 566 1440 bonae
585 1420 618 1440 se
639 1409 852 1441 conscientiae
871 1421 939 1441 esse
957 1410 1134 1451 Dionysius
1153 1411 1272 1452 prodit,
1291 1423 1363 1444 cum
1380 1424 1454 1444 suae

143 1460 262 1492 rationi
282 1461 498 1493 defensionem
518 1462 680 1504 adiungat,
700 1473 780 1503 quae
800 1463 846 1495 sic
866 1463 993 1504 incipit:
1013 1465 1055 1495 Εἰ
1075 1463 1114 1495 δέ
1131 1476 1180 1502 τις
1202 1463 1332 1502 ἀξιώσει
1355 1474 1454 1498 συκο-

144 1519 284 1556 φαντεῖν
309 1514 369 1556 τὴν
395 1516 574 1556 διαίρεσιν,
600 1515 712 1557 ἐπειδὴ
736 1517 794 1553 τὰς
817 1522 911 1559 κοινῇ
935 1518 1258 1558 παρακολουθούσας
1280 1525 1360 1551 πᾶσι
1384 1525 1454 1557 τοῖς

143 1567 332 1608 πλάσμασιν
351 1567 467 1610 ἀρετὰς
486 1570 580 1610 τρίχα
599 1570 794 1611 διανείμασα
814 1571 850 1602 τὸ
871 1571 960 1602 ἴδιον
982 1569 1133 1608 ἑκάσταις
1157 1571 1363 1604 ἀποδίδωσιν
1386 1575 1452 1605 κτλ.

143 1620 206 1658 Qui
226 1621 374 1662 Dionysii
393 1622 551 1653 rationem
572 1622 747 1654 disserendi
766 1634 831 1654 non
850 1623 991 1666 ignorat,
1016 1626 1138 1656 certum
1158 1625 1379 1657 testimonium
1399 1638 1452 1658 au-

139 1674 204 1715 dit,
230 1677 261 1706 et
281 1686 362 1716 quae
381 1675 477 1706 fuerit
496 1676 615 1707 usitata
634 1677 716 1708 ratio
736 1677 892 1708 virtutum
913 1678 944 1708 et
965 1679 1120 1718 quantum
1141 1678 1276 1710 virtutes
1296 1680 1415 1711 distent
1434 1691 1453 1711 a

141 1727 241 1758 trium
261 1738 413 1769 generum
434 1728 669 1760 distributione.

231 1780 280 1812 Ita
299 1781 399 1822 igitur
417 1782 552 1813 virtutes
572 1784 702 1824 tractat,
725 1784 761 1814 ut
780 1783 822 1814 sit
842 1783 1128 1825 ἀνακεφαλαίωσις
1147 1785 1264 1826 partim
1289 1796 1451 1827 generum,

141 1834 259 1875 partim
280 1834 412 1876 ἀρετῶν,
441 1834 525 1866 Nam
545 1835 671 1878 singula
690 1836 821 1867 omnino
841 1836 956 1868 desunt
979 1837 1014 1868 in
1032 1838 1215 1870 virtutibus.
1243 1838 1387 1870 Primum
1412 1851 1450 1871 ex

141 1886 244 1918 tribus
271 1888 441 1929 generibus
468 1889 565 1920 affero
592 1889 788 1930 exemplum:
814 1892 917 1922 Δοκεῖ
943 1891 985 1931 δή
1007 1903 1063 1932 μοι
1087 1897 1153 1923 τῶν
1177 1890 1238 1933 μὲν
1261 1892 1370 1935 ὑψηλῇ
1395 1894 1450 1925 καὶ

138 1945 275 1982 περιττῇ
295 1940 347 1972 καὶ
369 1941 589 1984 ἐξηλλαγμένῃ
610 1942 693 1980 λέξει
712 1942 921 1984 κεχρημένων
940 1945 1020 1976 κατὰ
1040 1945 1076 1976 τὸ
1092 1944 1298 1987 σαφέστερον
1313 1945 1364 1977 καὶ
1382 1958 1450 1978 κοι-

139 1993 278 2034 νότερον
296 1998 334 2036 τῇ
354 1993 507 2037 ἑρμηνείᾳ
526 1999 706 2037 κεχρῆσθαι
726 1997 885 2038 προῦχειν
905 1997 921 2028 ὁ
937 1997 1168 2040 Λημοσθένης.
1197 1998 1330 2040 Reperis
1350 2000 1450 2031 virtu-

141 2048 205 2077 tem
227 2048 417 2088 σαφηνείας,
436 2048 624 2080 collocatam
643 2049 677 2080 in
692 2049 805 2091 grandi
819 2050 938 2091 generi,
958 2050 1033 2091 quia
1047 2051 1081 2082 in
1096 2052 1253 2083 eiusmodi
1268 2053 1448 2084 elocutione

137 2099 305 2130 difficilius
325 2100 522 2133 observatur.
551 2101 783 2134 Demosthenes
803 2105 910 2134 autem
930 2115 966 2135 ea
986 2105 1099 2136 ceteris
1118 2106 1292 2145 grandibus
1316 2107 1448 2138 oratori—

139 2151 200 2183 bus
219 2153 387 2193 praestitit.
414 2153 535 2186 Eadem
553 2155 677 2187 ratione
697 2156 824 2198 πρέπον
841 2157 874 2187 in
888 2157 994 2189 medio
1010 2168 1125 2199 genere
1140 2159 1280 2200 ponitur,
1298 2171 1362 2191 non
1383 2171 1447 2201 quo

140 2205 243 2246 σαφές
263 2208 294 2237 et
312 2207 439 2248 πρέπον
457 2219 523 2239 non
541 2220 598 2250 per
616 2219 727 2240 omnes
749 2209 973 2242 Demosthenis
996 2211 1156 2243 orationes
1180 2213 1287 2244 fusum
1312 2213 1368 2254 sit,
1392 2213 1447 2244 sed

136 2259 215 2300 quia
233 2259 410 2300 Dionysius
430 2261 475 2292 ita
493 2272 560 2293 rem
578 2262 719 2304 apertius
743 2274 839 2304 quam
863 2266 989 2295 servata
1012 2264 1168 2296 virtutum
1192 2266 1316 2297 ratione
1340 2266 1447 2306 dispo-

137 2323 214 2344 nere
241 2313 302 2345 sibi
332 2313 511 2346 videbatur:
532 2314 603 2347 Ὅτι
629 2315 704 2347 καθ’
730 2315 747 2347 ὃ
774 2316 913 2357 μάλιστα
939 2318 1062 2359 χωρίον
1088 2317 1204 2359 ἑκάστη
1229 2324 1295 2350 τῶν
1319 2318 1446 2360 ἀρετῶν

1493 729 1509 761 7.
