1566 2592
205 142 250 173 44
788 143 880 178 Caput
897 143 943 170 IV.

206 227 272 266 cet,
292 226 324 255 et
342 224 437 266 plura
461 225 558 256 etiam
579 224 618 256 de
641 226 836 258 narrationis
859 225 995 258 historia
1018 226 1118 258 tradit
1136 225 1183 258 IV
1198 227 1294 269 231:
1317 226 1419 268 „Eam
1437 226 1524 270 (scil.
1560 261 1566 263 ,

205 276 439 319 narrationem)
459 277 605 320 plerique
632 279 806 320 scriptores
830 279 1034 321 maximeque
1061 280 1116 321 qui
1143 282 1220 312 sunt
1239 280 1280 312 ab
1300 279 1442 312 Isocrate
1467 291 1525 314 vo-

205 332 278 363 lunt
293 342 361 363 esse
375 331 526 373 lucidam,
541 332 681 374 brevem,
695 333 763 364 veri
774 333 921 365 similem.
949 344 1056 374 neque
1071 333 1157 366 enim
1171 334 1278 376 refert,
1291 345 1332 366 an
1346 345 1405 376 pro
1415 333 1526 367 lucida

204 385 425 427 perspicuam,
444 396 503 427 pro
527 386 594 418 veri
619 385 717 417 simili
742 385 942 428 probabilem
968 387 1194 419 credibilemve
1219 388 1370 420 dicamus.
1399 387 1522 420 Eadem

205 438 300 470 nobis
319 439 425 480 placet
444 439 570 480 divisio,
589 450 785 481 quamquam
805 441 837 471 et
856 438 1050 472 Aristoteles
1069 440 1110 472 ab
1131 440 1273 473 Isocrate
1292 443 1384 483 parte
1404 441 1439 473 in
1457 452 1525 473 una

206 493 406 534 dissenserit,
433 495 641 535 praeceptum
667 493 836 526 brevitatis
862 493 1018 534 inridens,
1044 496 1211 535 tamquam
1238 505 1367 526 necesse
1386 494 1430 527 sit
1452 494 1523 527 lon-

206 557 280 589 gam
301 557 369 578 esse
388 549 445 578 aut
464 546 592 578 brevem
613 547 862 589 expositionem,
881 558 940 579 nec
958 547 1056 580 liceat
1074 547 1119 579 ire
1139 558 1196 589 per
1214 547 1355 580 medium
1364 547 1398 590 ¹),
1418 547 1523 580 Theo-

206 600 294 631 dorei
315 610 443 642 quoque
463 601 564 632 solam
584 600 770 642 relinquant
788 601 937 632 ultimam
957 602 1096 643 partem,
1121 602 1197 642 quia
1215 612 1274 633 nec
1297 601 1439 634 breviter
1458 602 1522 634 uti-

206 664 268 695 que
287 664 346 686 nec
365 653 504 685 dilucide
512 653 538 696 ²)
558 665 684 696 semper
703 654 746 686 sit
765 654 845 685 utile
865 657 1051 696 exponere“.

295 707 370 739 Tria
389 707 491 749 igitur
510 709 594 748 sunt,
615 719 696 749 quae
715 706 869 739 Isocratei
889 708 1003 740 volunt
1021 707 1138 740 habere
1157 708 1388 741 narrationem:
1406 708 1523 750 proba-

206 760 327 802 bilitas,
341 760 565 802 perspicuitas,
580 761 727 792 brevitas.
758 761 865 802 Atque
880 760 959 793 haec
973 773 1012 793 ex
1031 762 1214 803 διηγήσεως
1233 763 1348 794 natura
1366 761 1522 804 explicari

204 816 350 856 possunt.
380 813 441 851 Qui
461 814 620 846 iudicibus
640 825 717 856 rem,
737 826 818 855 quae
834 814 867 846 in
887 815 1107 847 controversia
1121 817 1178 855 est,
1198 814 1342 857 exponit,
1356 815 1420 848 hoc
1437 817 1523 848 certe

205 870 343 909 spectat,
361 869 398 899 ut
418 867 457 898 iis
477 868 667 910 persuadeat
686 867 912 910 (πιθανότης).
941 867 1004 899 Hie
1023 870 1073 900 est
1091 869 1165 900 finis
1185 868 1406 911 expositionis,
1426 879 1522 911 quem

206 922 336 953 subesse
355 921 542 953 Aristotelis
562 920 638 962 περὶ
658 922 842 963 διηγήσεως
861 921 1073 964 disputationi
1091 922 1239 954 vidimus.
1262 922 1315 954 Ad
1335 933 1408 955 eum
1421 922 1525 955 maxi-

205 986 256 1006 me
285 975 439 1006 accedunt
459 974 647 1007 Theodorei.
677 974 739 1007 Sed
759 986 799 1007 ne
819 975 899 1007 duae
919 976 1049 1017 quidem
1078 978 1186 1018 partes
1205 976 1246 1008 ab
1270 975 1441 1008 Isocrateis
1468 975 1524 1008 ad-

205 1028 291 1060 ditae
311 1039 329 1060 a
351 1028 503 1060 narrandi
523 1029 649 1060 ratione
675 1028 798 1061 alienae
823 1031 907 1061 sunt.
936 1028 1009 1061 Nisi
1035 1030 1119 1062 enim
1147 1029 1286 1062 dilucide
1310 1029 1525 1071 narrabimus,

206 1082 369 1123 quomodo
389 1082 486 1113 finem
505 1082 718 1123 persuadendi
741 1083 971 1124 assequemur?
1000 1082 1113 1124 Neque
1137 1083 1204 1115 ulla
1227 1083 1294 1115 fere
1317 1093 1393 1125 pars
1417 1083 1523 1126 magis

205 1135 329 1178 pellicit
348 1136 387 1167 ad
411 1146 462 1167 res
486 1138 654 1167 extraneas
677 1135 863 1168 inserendas
888 1135 1062 1179 (episodia)
1086 1148 1182 1178 quam
1207 1137 1374 1178 διήγησις,
1397 1147 1461 1178 qua
1483 1136 1525 1169 de

206 1200 315 1231 causa,
342 1191 378 1220 ut
402 1200 499 1230 quam
520 1189 710 1221 brevissime
736 1200 947 1231 exponamus,
974 1200 1103 1222 monere
1127 1190 1212 1222 licet.
1242 1189 1304 1222 Sed
1327 1189 1525 1222 narrationis

207 1244 383 1284 συντομία,
407 1243 602 1275 narrationis
627 1244 807 1285 σαφήνεια,
826 1243 1019 1275 narrationis
1043 1244 1230 1285 πιθανότης
1252 1243 1316 1275 alia
1339 1245 1402 1285 est,
1425 1254 1522 1286 quam

206 1296 407 1328 elocutionis.
440 1295 487 1328 Ut
511 1296 654 1328 narratio
675 1299 724 1328 est
749 1307 856 1328 rerum
882 1297 1053 1338 expositio,
1079 1297 1126 1329 sic
1144 1297 1184 1328 ad
1210 1308 1260 1329 res
1287 1297 1361 1330 illae
1386 1297 1525 1329 virtutes

206 1352 351 1391 spectare
375 1349 500 1382 debent.
533 1349 727 1382 Aristoteles
751 1350 923 1382 verborum
947 1361 1014 1383 non
1034 1350 1113 1382 facit
1137 1351 1334 1383 mentionem
1358 1351 1392 1383 in
1416 1361 1524 1383 narra-

205 1404 295 1435 tione
314 1403 488 1435 tractanda.
519 1403 624 1435 Ceteri
645 1405 767 1444 autem,
794 1414 857 1445 quo
878 1405 954 1436 sunt
972 1404 1179 1446 vetustiores,
1197 1415 1235 1436 eo
1255 1405 1358 1447 magis
1375 1414 1426 1437 res
1449 1404 1524 1437 sub-

206 1453 308 1489 iciunt
327 1457 392 1489 illis
411 1457 562 1489 narrandi
587 1457 778 1490 rationibus.
808 1456 976 1500 Originem
996 1458 1098 1500 igitur
1117 1469 1172 1490 eae
1198 1457 1347 1499 quamvis
1371 1456 1522 1490 similiter

205 1512 385 1552 appellatae
405 1522 444 1542 ex
464 1510 599 1542 diversis
619 1511 782 1543 radicibus
802 1511 939 1543 traxisse
958 1522 1030 1543 mea
1049 1511 1179 1554 quidem
1199 1511 1358 1543 sententia
1375 1513 1526 1554 apparet3

207 1564 294 1606 quod
313 1565 391 1596 satis
410 1564 549 1596 multum
569 1564 655 1596 valet
674 1564 714 1596 ad
733 1564 903 1597 historiam
923 1569 1009 1596 recte
1028 1564 1286 1607 intellegendam.

299 1617 550 1650 Vetustissimus
561 1618 654 1650 testis
665 1619 744 1660 eius,
759 1629 855 1660 quam
867 1618 906 1650 ad
916 1617 1092 1650 Isocratem
1103 1618 1323 1656 Quintilianus
1337 1618 1445 1659 refert,
1453 1628 1524 1650 sen·

207 1671 327 1703 tentiae
347 1671 440 1704 nobis
455 1671 547 1703 adest
561 1671 787 1713 Anaximenes,
807 1672 863 1714 qui
878 1682 946 1714 cap.
957 1672 1000 1704 30
1015 1672 1054 1704 de
1072 1672 1256 1704 narratione
1271 1671 1363 1703 dicit:
1382 1671 1434 1704 δεῖ
1446 1671 1524 1704 τού-

207 1737 274 1756 των
293 1724 432 1756 ἕκαστον
446 1730 556 1757 ποιεῖν
570 1725 718 1767 βραχέως
731 1724 785 1757 καὶ
801 1731 916 1767 σαφῶς
930 1725 984 1757 καὶ
999 1726 1042 1767 μὴ
1058 1724 1203 1763 ἀπίστως
1217 1724 1246 1767 (I
1262 1725 1337 1767 219,
1347 1726 1368 1758 5
1378 1723 1457 1768 Sp).
1482 1722 1521 1756 In

207 1789 272 1810 uno
288 1789 413 1821 genere,
429 1778 515 1820 quod
531 1778 675 1810 omnium
690 1779 917 1822 gravissimum
933 1781 990 1820 est,
1004 1779 1048 1820 μὴ
1064 1778 1208 1816 ἀπίστως
1222 1779 1413 1820 διηγεῖσθαι
1423 1777 1521 1810 etiam

206 1831 424 1864 Anaximenes
444 1831 523 1863 satis
540 1831 638 1864 habet
652 1832 691 1863 de
705 1831 802 1864 rebus
821 1842 1026 1864 commonere
1043 1831 1118 1874 (Rh.
1130 1830 1348 1874 Gr.1219,20
1357 1842 1426 1874 sqq.
1441 1829 1522 1874 Sp).

297 1920 322 1953 1)
342 1919 423 1946 Hanc
443 1919 604 1946 Aristotelis
629 1919 812 1951 senteutiam
837 1927 923 1954 quam
946 1927 1032 1954 supra
1058 1919 1246 1954 exposuimus,
1275 1927 1339 1946 eum
1358 1919 1395 1945 ad
1415 1918 1522 1946 Isocra·

207 1961 283 1986 team
303 1959 510 1986 accommodari
530 1959 642 1993 vellent
669 1961 750 1986 erant
775 1959 824 1993 qui
848 1959 1048 1987 vocabulorum
1074 1959 1262 1986 differentiam
1288 1959 1330 1986 ita
1355 1960 1524 1992 statuerent,

207 2001 240 2026 ut
258 1999 397 2034 σύντομον
417 2008 479 2026 eam
498 1999 685 2033 nominarent,
706 2008 778 2034 quae
793 2000 888 2026 omnia
906 1999 1065 2026 necessaria
1084 1999 1167 2034 (αὐτὰ
1181 1999 1216 2026 τὰ
1230 1999 1385 2034 ἀναγκαῖα)
1403 1998 1526 2026 haberet

207 2039 344 2072 narratio,
364 2040 499 2075 βραχεῖαν
518 2042 626 2073 autem,
647 2039 692 2066 cui
711 2039 821 2074 aliquid
840 2040 959 2067 deesset.
987 2039 1094 2072 Quibus
1113 2039 1257 2066 vocabulis
1276 2039 1300 2065 si
1319 2039 1439 2073 utimur
1458 2038 1522 2066 Ari-

208 2080 323 2107 stoteles
342 2081 441 2107 contra
459 2081 626 2116 βραχεῖαν
646 2080 782 2114 disputat,
797 2079 928 2107 Isocratis
943 2081 1039 2107 autem
1059 2080 1225 2113 σύντομος
1244 2079 1371 2114 διήγησις
1385 2079 1473 2106 etiarn
1487 2086 1523 2106 ex

208 2121 268 2147 eius
297 2120 438 2147 sententia
461 2120 575 2154 probari
602 2122 703 2154 potest.
738 2119 778 2147 Cf.
799 2119 893 2152 Quint.
909 2119 948 2146 IV
962 2123 1046 2153 2,42.
1075 2119 1215 2154 „Ideoque
1239 2119 1407 2147 Graecorum
1431 2118 1523 2154 sliqui

207 2160 286 2187 aliud
307 2160 500 2187 circumcisam
519 2160 732 2195 expositionem.
752 2160 782 2187 id
797 2162 840 2187 est
854 2161 1001 2194 σύντομον,
1020 2159 1098 2186 aliud
1118 2160 1229 2186 brevem
1248 2160 1427 2194 putaverunt,
1445 2158 1522 2193 quod

207 2201 258 2228 illa
277 2200 458 2235 supervacuis
471 2202 589 2234 careret,
608 2200 679 2227 haec
692 2202 790 2235 posset
804 2200 912 2234 aliquid
927 2208 961 2227 ex
979 2200 1145 2227 necessariis
1165 2199 1332 2226 desiderare.
1361 2208 1412 2226 nos
1426 2200 1524 2226 autam

207 2241 375 2268 brevitatem
394 2241 424 2268 in
443 2241 497 2268 hoc
515 2241 655 2275 ponimus,
674 2250 729 2267 non
750 2242 782 2267 ut
800 2241 901 2273 minus,
921 2240 970 2267 sed
984 2248 1020 2267 ne
1039 2240 1103 2274 plus
1123 2239 1242 2273 dicatur,
1261 2247 1347 2274 quam
1365 2240 1524 2274 oporteatst‘

207 2281 335 2308 Similem
354 2281 501 2308 verborum
521 2280 710 2308 differentiam
730 2281 801 2314 Περὶ
814 2279 881 2313 Ὕψ.
903 2288 964 2315 cap.
979 2283 1044 2313 42,1
1067 2280 1181 2314 Trypho
1200 2279 1247 2313 111,
1267 2282 1328 2307 202.
1343 2279 1390 2314 Sp.

299 2323 325 2356 2)
345 2321 448 2348 Contra
467 2329 514 2348 eos
533 2321 621 2356 igitur
640 2320 757 2354 Quintil.
773 2320 811 2348 IV
822 2323 900 2354 28⁶.
