1566 2592
699 133 884 159 Prooemium.
1427 133 1448 164 3

141 218 248 247 autem
275 215 372 247 etiam
398 214 476 246 haec
501 214 584 256 ipsa,
611 225 692 255 quae
718 214 849 255 propria
867 215 1029 245 oratorum
1053 215 1148 255 putas
1172 225 1240 245 esse
1266 214 1450 246 adiumenta

141 271 237 310 atque
262 270 449 310 ornamenta
475 267 614 307 dicendi,
640 278 659 299 a
678 278 711 298 se
735 267 800 308 peti
820 267 984 298 vincerent
1010 269 1172 308 oportere,
1197 278 1234 299 ac
1257 278 1320 298 non
1343 267 1447 299 solum

140 321 282 363 meliora,
301 321 356 353 sed
375 321 471 352 etiam
497 320 600 352 multo
625 320 718 361 plura
737 319 946 352 Aristotelem
966 319 1289 361 Theophrastumque
1312 320 1351 352 de
1376 321 1448 352 istis

139 375 243 416 rebus,
270 385 365 416 quam
389 373 494 405 omnis
521 373 646 405 dicendi
671 373 845 416 magistros
871 373 1036 414 scripsisse
1063 373 1285 404 ostenderent“
1306 372 1384 416 (Cic.
1399 373 1448 405 De

141 427 192 460 Or.
207 426 299 470 143).
328 426 421 459 Nihil
439 427 557 458 mirum
577 429 625 458 est
645 426 708 458 tale
727 437 808 468 opus
828 426 913 467 apud
932 428 1080 467 posteros
1098 427 1239 457 maxima
1258 426 1448 459 auctoritate

139 492 233 513 usum
252 491 319 512 esse
339 480 470 521 eiusque
488 481 658 521 praecepta
677 479 808 511 fluxisse
823 479 856 511 in
875 478 1089 511 recentiorum
1109 480 1308 511 saeculorum
1329 480 1449 521 scripta

139 533 313 575 rhetorica,
342 544 422 575 quae
448 533 488 564 ad
514 544 573 564 nos
598 535 821 574 pervenerunt.
856 532 960 564 Nobis
986 535 1095 564 autem
1122 533 1268 574 quaestio
1295 533 1448 574 occurrit,

141 598 278 629 quanam
297 586 421 618 ratione
441 587 524 618 inter
538 588 646 618 vetera
660 586 901 628 Theophrastea
915 588 947 617 et
966 586 1143 617 recentiora
1163 585 1318 627 distingui
1337 587 1447 627 possit.

139 639 223 672 Nam
243 651 280 673 eo
304 640 406 671 rarius
430 650 548 672 nomen
573 640 714 671 auctoris
740 640 886 680 affertur,
913 650 977 680 quo
997 639 1101 681 magis
1126 639 1194 670 eius
1222 641 1392 680 praecepta
1415 640 1445 671 in

140 704 339 725 communem
360 704 454 724 usum
478 693 635 734 omnium,
659 693 714 734 qui
733 693 808 734 περὶ
832 692 948 731 λέξεως
971 692 1184 734 disserebant,
1209 692 1376 724 rhetorum
1395 693 1447 724 ad-

141 749 269 788 sumpta
287 748 369 778 sunt.
398 746 542 787 Apparet
567 746 667 789 igitur
686 757 724 778 ex
749 746 844 777 certis
867 746 1058 788 fragmentis
1081 745 1175 777 nobis
1200 756 1296 786 quam
1321 756 1448 778 accura-

140 799 265 831 tissime
284 799 353 831 fieri
372 800 488 841 possit,
512 799 768 841 cognoscendum
789 810 870 839 esse,
898 810 979 840 quae
998 799 1098 830 fuerit
1122 798 1365 840 praecipiendae
1384 799 1448 830 elo-

140 853 278 885 cutionis
298 853 419 884 indoles
434 852 676 894 Theophrastea
690 855 786 894 atque
802 852 885 884 ratio
905 853 1019 893 omnis,
1038 854 1075 883 ut
1095 852 1204 884 oculos
1224 852 1315 893 quasi
1336 852 1448 884 colori-

140 907 201 938 bus
220 907 288 938 eius
314 906 550 947 adsuescamus,
576 906 763 948 priusquam
782 906 816 937 in
836 906 934 937 vastis
960 906 1174 937 recentiorum
1198 906 1320 946 campis
1344 905 1448 945 flores,

142 970 222 1001 quos
241 959 371 991 Eresius
391 959 544 1000 consevit,
564 970 714 1000 quaerere
735 961 766 990 et
785 959 818 990 in
838 970 922 990 nova
942 961 1026 990 serta
1045 959 1197 1000 colligere
1217 968 1376 990 conemur.

230 1012 301 1044 Hoc
315 1012 416 1054 igitur
429 1013 632 1053 propositum
647 1012 726 1043 mihi
743 1014 791 1043 est
811 1012 1037 1053 demonstrare,
1057 1022 1137 1053 quae
1152 1011 1368 1052 Theophrasti
1381 1011 1448 1043 fue-
1463 1000 1470 1029 s

141 1067 183 1097 rit
201 1066 284 1097 ratio
311 1065 432 1103 λέξεως.
462 1065 554 1103 Quod
579 1076 645 1097 non
671 1065 716 1096 ita
742 1076 929 1106 persequar,
955 1066 992 1096 ut
1012 1065 1046 1096 in
1064 1075 1129 1096 uno
1156 1065 1223 1096 eius
1250 1075 1345 1105 opere
1365 1065 1448 1096 etin
1468 1079 1469 1082 ¹

140 1119 286 1150 frustulis
305 1118 376 1160 huc,
396 1119 472 1150 illuc
491 1118 651 1150 vertendis
671 1129 784 1150 morer.
815 1118 863 1149 De
882 1117 1096 1159 Theophrasti
1122 1117 1298 1149 virtutibus
1323 1117 1448 1149 dicendi

140 1172 285 1204 libellum
305 1183 412 1203 meum
427 1172 585 1213 inscripsi,
605 1171 681 1213 quia
697 1172 853 1203 virtutum
873 1171 1041 1202 historiam
1063 1171 1267 1212 expositurus
1283 1182 1362 1202 sum.
1391 1170 1449 1202 Fa-

141 1227 211 1257 teor
229 1227 335 1257 autem
358 1226 525 1266 tantopere
545 1235 596 1256 me
620 1225 852 1267 disquisitioni,
875 1235 957 1266 quae
981 1224 1014 1255 in
1038 1224 1102 1255 illis
1127 1224 1252 1255 dicendi
1272 1224 1447 1255 virtutibus

141 1279 246 1320 posita
265 1281 322 1320 est,
341 1278 509 1319 confidere,
529 1280 566 1309 ut
585 1289 719 1320 sperem,
738 1278 920 1319 quicunque
940 1288 993 1309 eas
1012 1289 1068 1318 per
1087 1279 1233 1318 tempora
1253 1278 1284 1308 et
1303 1288 1361 1318 per
1378 1277 1449 1308 rhe-

141 1335 247 1364 torum
267 1332 387 1373 scripta
405 1342 530 1363 mecum
550 1332 710 1373 persecuti
730 1334 834 1372 erunt,
853 1341 964 1363 omnes
984 1341 1041 1362 sua
1056 1333 1170 1372 sponte
1190 1330 1274 1362 idem
1294 1330 1448 1362 iudicium

142 1386 180 1417 de
197 1384 414 1427 Theophrasti
439 1385 564 1416 ratione
590 1384 706 1422 λέξεως
730 1385 853 1416 laturos
877 1395 946 1416 esse
970 1386 1066 1425 atque
1086 1394 1136 1415 me
1162 1383 1277 1425 ipsum.
1306 1382 1342 1414 Id
1363 1383 1448 1415 enim

141 1440 376 1480 argumentum,
395 1437 482 1479 quod
501 1449 539 1469 ex
558 1437 712 1469 historiae
732 1438 916 1480 cognitione
933 1438 1019 1468 ultro
1039 1437 1161 1477 evadat,
1180 1437 1301 1468 maiore
1319 1447 1449 1477 persua-

142 1491 237 1523 dendi
256 1491 287 1522 vi
306 1491 487 1532 praeditum
506 1493 586 1533 puto
602 1502 679 1532 esse,
698 1502 794 1532 quam
810 1490 906 1522 verba
926 1490 1081 1531 quaedam
1101 1490 1272 1521 cuiuslibet
1291 1501 1448 1532 gramma-

142 1545 207 1583 tici,
227 1555 308 1586 quae
333 1544 607 1585 interpretationis
627 1544 773 1576 artificiis
793 1544 833 1575 ad
851 1543 1072 1576 testimonium
1092 1543 1342 1575 accomodantur
1361 1545 1401 1583 et,
1421 1543 1449 1574 si

142 1599 287 1629 accurate
302 1597 503 1638 inquirimus,
514 1608 607 1638 saepe
621 1608 688 1629 rem
698 1598 732 1628 in
747 1597 845 1628 dubio
860 1597 1054 1638 relinquunt.
1082 1595 1225 1638 Accedit,
1236 1595 1322 1637 quod
1336 1598 1448 1627 nostra

142 1650 245 1693 magis
272 1651 406 1682 interest
432 1651 535 1692 ipsam
562 1650 729 1682 historiam
754 1650 832 1682 artis
860 1650 1038 1682 rhetoricae
1066 1650 1251 1692 intellegere
1276 1650 1308 1681 et
1333 1649 1449 1688 videre,

142 1715 223 1746 quae
247 1704 289 1735 sit
313 1704 467 1745 cuiusque
494 1704 658 1736 doctrinae
682 1705 773 1747 origo
797 1706 830 1736 et
852 1706 979 1743 natura,
1008 1703 1125 1745 quibus
1145 1703 1183 1734 de
1207 1702 1311 1735 causis
1331 1705 1363 1735 et
1386 1714 1449 1744 qua

141 1758 265 1790 ratione
284 1759 408 1789 mutata
426 1757 481 1798 sit,
508 1768 588 1798 quae
608 1757 641 1788 in
661 1757 780 1799 scripta
804 1757 998 1798 pervenerit,
1021 1768 1118 1798 quam
1142 1756 1318 1788 multorum
1338 1758 1371 1788 et
1388 1755 1448 1787 cla-

142 1821 251 1842 rorum
270 1813 438 1842 auctorum
457 1811 642 1842 nominibus
658 1811 795 1853 speciem
812 1810 962 1842 scientiae
979 1820 1142 1851 usurpare.
1170 1809 1284 1850 Itaque
1303 1809 1380 1841 satis
1394 1808 1449 1840 ha-

142 1864 216 1896 bere
235 1862 333 1905 potui'
352 1864 390 1895 de
413 1864 588 1895 virtutibus
613 1863 738 1895 dicendi
763 1874 952 1905 componere
976 1865 1215 1905 argumentum,
1234 1862 1449 1904 Theophrasti

143 1927 219 1948 vero
233 1917 355 1948 nomini
371 1928 510 1958 parcere,
524 1917 586 1948 nisi
601 1918 735 1948 alterum
753 1928 825 1949 cum
840 1916 940 1948 altero
960 1918 1086 1948 tantum
1106 1916 1274 1947 cohaerere
1289 1915 1449 1956 vidissem,

144 1971 299 2010 quantum
318 1969 464 2001 arborem
484 1980 555 2002 cum
576 1972 674 2011 terra,
699 1970 733 2001 in
758 1981 853 2011 quam
877 1970 1000 2002 radices
1025 1980 1098 2001 suas
1122 1969 1272 2000 demittit.
1301 1968 1449 1999 Plantam

145 2021 251 2063 diruit,
270 2023 325 2064 qui
344 2023 462 2064 evellit,
481 2024 616 2055 virtutes
635 2034 701 2055 non
720 2023 889 2066 intellegit,
908 2023 964 2064 qui
983 2034 1092 2054 earum
1111 2024 1273 2053 auctorem
1297 2021 1449 2063 neglegit.

144 2075 235 2107 Licet
253 2075 492 2117 Theophrastus
513 2076 671 2108 ‘virtutes'
690 2087 756 2108 non
781 2077 953 2116 invenerit,
978 2079 1085 2108 tamen
1110 2076 1149 2107 iis
1174 2075 1391 2117 principatum
1415 2075 1450 2105 in

144 2128 367 2169 praecipienda
385 2129 564 2161 elocutione
582 2141 649 2161 non
668 2130 772 2161 solum
791 2130 860 2170 ipse
879 2130 912 2161 in
930 2140 988 2161 sua
1007 2131 1074 2161 arte
1094 2129 1260 2169 concessit,
1280 2128 1335 2160 sed
1354 2138 1450 2169 opera

146 2192 203 2212 sua
221 2181 317 2213 etiam
337 2182 449 2222 effecit,
474 2184 511 2214 ut
530 2182 616 2224 apud
636 2184 783 2223 posteros
811 2193 938 2224 quoque
964 2182 1098 2214 eundem
1125 2182 1231 2213 locum
1258 2181 1449 2212 obtinerent.

146 2233 233 2271 Quae
253 2245 326 2265 cum
345 2234 390 2266 ita
409 2235 482 2275 sint,
502 2236 538 2276 is,
559 2235 614 2276 qui
634 2236 672 2267 de
691 2236 866 2268 virtutibus
886 2235 972 2276 dicit,
991 2235 1030 2267 de
1049 2234 1272 2276 Theophrasto
1292 2234 1378 2265 dicat
1397 2243 1450 2264 ne-

146 2297 232 2319 cesse
252 2289 308 2319 est.
336 2287 495 2328 Bipertita
509 2299 585 2330 ergo
601 2289 662 2320 erit
681 2289 867 2330 disputatio,
885 2289 917 2319 in
938 2299 1034 2329 quam
1054 2288 1133 2319 duae
1154 2287 1357 2329 quaestiones
1376 2297 1450 2318 con-

1203 2339 1236 2365 1·

1490 1526 1516 1556 s
