1566 2592
372 92 413 119 De
431 91 567 118 virtutum
586 90 699 118 dicendi
718 90 794 125 apud
812 90 952 116 Romanos
971 89 1089 116 ratione.
1340 87 1383 119 55

74 176 126 217 iis,
145 186 226 217 quos
241 175 380 217 collegit,
398 173 478 205 locis
492 172 613 204 factum
629 174 685 203 est.
715 170 819 212 Caput
834 170 918 202 enim
933 170 1211 212 Theophrasteum
1226 170 1263 201 de
1279 169 1382 201 tribus

75 228 203 262 dicendi
222 226 456 260 characteribus
475 225 625 266 Mayerus
644 225 695 256 his
714 225 748 256 in
766 224 914 265 partibus
934 223 995 255 sibi
1015 223 1142 255 videtur
1161 223 1334 255 invenisse:

145 308 148 311 ·
167 290 199 334 a)
218 291 257 330 ἓξ
276 288 421 329 25-36,
444 288 500 320 sed
523 288 557 319 in
580 287 676 319 variis
701 286 871 329 generibus
894 285 1046 317 historice
1070 285 1291 325 percensendis
1311 296 1384 317 cou-

77 344 164 376 sulto
184 344 240 376 illa
256 343 320 375 tria
339 352 454 384 genera
472 352 549 382 prae
568 340 746 372 multifaria
765 339 922 371 divisione
942 338 1053 370 Cicero
1074 339 1224 380 neglexit.

167 405 203 448 b)
221 407 261 445 ἐξ
281 404 447 445 96-103,
471 403 529 435 ubi
547 403 659 435 eodem
678 402 774 434 modo
794 413 844 434 res
863 413 896 433 se
915 401 1020 433 habet.
1049 401 1138 433 Haec
1161 401 1261 443 igitur
1282 401 1384 433 invito

76 458 185 491 Tullio
204 458 243 490 ad
262 459 326 490 bria
344 468 461 500 genera
480 456 586 488 delata
605 458 688 488 sunt.

168 519 199 563 e)
217 522 258 560 ἓξ
281 519 463 551 199-200.
492 518 791 550 Commemorantur
810 517 939 559 quidem
959 517 1014 548 illa
1032 517 1094 548 tria
1113 527 1238 559 genera,
1258 517 1312 548 sed
1332 517 1385 555 ita,

80 576 117 606 ut
135 577 244 606 notam
264 573 424 615 quandam
444 574 476 604 et
494 572 646 604 usitatam
661 571 850 604 elocutionis
865 570 1071 612 partitionem
1089 569 1199 601 Cicero
1218 570 1250 600 in
1268 580 1387 601 memo-

80 628 159 660 riam
188 629 329 668 revocet,
358 626 440 658 nihil
464 637 539 657 vero
566 625 738 667 separatim
764 624 802 655 de
828 624 997 666 generibus
1023 623 1208 664 praecipiat.
1244 622 1388 664 Accedit,

79 681 167 722 quod
187 680 260 712 inde
274 692 293 711 a
313 682 332 720 §
349 680 410 711 199
431 690 513 710 nova
532 679 646 721 incipit
665 688 747 720 pars,
766 689 862 719 quam
882 689 920 709 ex
938 688 1023 708 novo
1042 676 1131 708 fonte
1150 676 1299 707 haustam
1319 687 1387 708 esse

79 734 149 765 veri
167 733 272 765 simile
292 735 348 764 est.
378 732 524 764 Colorem
545 732 629 764 enim
649 733 681 763 et
699 731 845 763 habitum
866 730 966 762 totius
986 730 1154 770 orationis,
1174 730 1212 762 de
1236 740 1300 771 quo
1319 730 1388 772 agit

84 787 157 828 199,
176 786 285 818 Cicero
300 786 363 817 iam
378 787 472 818 antea
486 784 543 828 (96
554 784 638 828 sqq.)
652 784 795 826 pleniore
809 784 932 816 ratione
947 784 1130 825 explicavit.
1159 782 1267 824 Atque
1282 783 1388 824 priore

81 841 153 872 loco
170 840 413 882 dispositionem
428 839 585 881 integram
601 838 748 879 servavit,
767 839 868 869 altero
886 839 993 869 autem
1014 838 1162 868 ornatum
1181 836 1310 878 proprie
1326 836 1388 868 dic-

83 895 153 925 tum
167 895 200 924 et
214 894 359 934 σχήματα
375 892 529 924 distraxit.
559 891 679 929 Quodsi
694 891 843 933 Mayerus
863 891 959 923 etiam
978 892 997 930 ξ
1013 890 1078 922 200
1097 889 1137 921 ad
1152 901 1268 931 genera
1281 890 1388 930 refert,

84 957 149 978 non
163 947 324 988 intellego,
342 945 493 987 quoniam
509 947 617 987 aperte
631 945 671 976 ad
685 945 805 986 figuras
822 942 997 986 (σχήματα)
1014 942 1125 975 Cicero
1140 943 1276 975 transiit.
1306 942 1390 980 Quid

84 999 221 1040 denique
245 999 283 1030 de
306 1001 345 1039 ἐξ
360 999 536 1031 210—212
561 998 737 1040 putandum
763 997 817 1038 sit,
846 998 879 1028 in
898 996 1016 1028 virtute
1039 996 1222 1038 πρέποντος
1246 995 1326 1039 (cap.
1342 995 1389 1037 II)

82 1052 300 1094 exposuimus
322 1051 394 1094 Ipse
409 1052 512 1083 editor
525 1052 779 1094 fragmentorum
795 1051 829 1082 in
843 1051 952 1082 eadem
967 1050 1085 1092 pagina
1100 1048 1258 1092 (prolegg.
1274 1061 1303 1091 p.
1314 1048 1391 1091 XII)

84 1105 258 1138 confitetur
276 1117 342 1137 non
361 1116 475 1147 genera
496 1105 549 1137 sed
569 1105 675 1136 decori
695 1105 847 1135 virtutem
867 1104 912 1135 ibi
931 1104 1068 1135 tractari.

173 1171 317 1204 Virtutes
336 1174 442 1204 autem
462 1172 600 1213 dicendi,
623 1172 651 1203 si
668 1171 798 1212 Mayero
819 1170 914 1202 fidem
933 1170 1102 1210 habemus,
1125 1169 1236 1201 Cicero
1256 1181 1321 1201 non
1341 1181 1393 1201 ex-

84 1225 194 1267 posuit
211 1225 273 1258 nisi
293 1236 409 1268 magna
427 1225 668 1267 perturbatione
687 1225 866 1256 commissa.
894 1223 1016 1255 Revera
1037 1234 1108 1254 eum
1124 1225 1218 1264 putat
1232 1223 1310 1254 haec
1330 1224 1393 1254 tria

84 1279 192 1320 capita
210 1289 384 1311 enarrasse:
404 1278 420 1310 I
438 1277 512 1320 περὶ
531 1284 632 1320 τριῶν
652 1279 753 1319 λόγου
773 1278 998 1319 χαρακτήρων,
1017 1276 1049 1308 II
1067 1276 1141 1318 περὶ
1162 1276 1299 1318 ἐκλογῆς
1318 1276 1393 1308 ὀνο-

83 1331 207 1373 μάτων,
226 1331 274 1363 ΙΙΙ
292 1332 367 1373 περὶ
387 1331 577 1369 συνθέσεως
596 1331 778 1372 ὀνομάτων.
807 1330 851 1362 At
871 1332 996 1362 tantum
1016 1330 1120 1371 abest,
1144 1332 1180 1361 ut
1199 1329 1310 1362 Cicero
1330 1330 1392 1361 vir-

86 1385 212 1417 tutibus
235 1385 359 1416 (licendi
385 1387 416 1416 et
439 1385 542 1416 tribus
566 1385 631 1416 illis
655 1396 674 1415 a
696 1384 826 1425 Mayero
852 1385 1044 1416 enumeratis
1073 1383 1232 1425 capitibus
1260 1383 1393 1415 eandem

86 1438 154 1470 vim
173 1440 205 1469 et
223 1438 327 1470 simile
346 1439 378 1469 iu
398 1440 465 1469 arte
484 1438 708 1480 praecipienda
727 1437 869 1469 officium
889 1437 1023 1475 tribuat,
1047 1439 1084 1468 ut
1107 1437 1228 1478 omnia,
1252 1448 1333 1478 quae
1355 1437 1393 1468 de

87 1491 268 1523 elocutione
287 1494 319 1523 et
338 1491 376 1523 de
395 1491 473 1532 ipsis
493 1491 556 1523 illis
577 1491 736 1532 capitibus
755 1491 919 1532 praecipit,
939 1490 1074 1522 subiciat
1094 1492 1249 1531 quattuor
1267 1482 1395 1522 virtuti-

89 1543 149 1575 bus
164 1543 296 1576 dicendi.
323 1543 435 1586 Itaque
451 1546 600 1586 quartum
616 1546 712 1585 caput
727 1544 764 1576 de
780 1544 962 1582 virtutibus,
978 1546 1034 1575 aut
1048 1546 1084 1575 ut
1098 1543 1222 1584 Mayeri
1236 1543 1393 1576 vocabulo

89 1598 171 1635 utar,
189 1596 263 1638 περὶ
279 1598 387 1639 ἰδεῶν,
405 1597 469 1629 illis
484 1597 586 1629 tribus
601 1598 690 1629 nullo
705 1597 800 1629 modo
817 1597 930 1629 addere
945 1597 1061 1638 potuit,
1080 1597 1142 1628 nisi
1157 1607 1285 1628 omnem
1305 1608 1394 1628 suam

89 1650 245 1682 rationem
268 1651 441 1682 evertisset.
470 1651 630 1682 Tractatio
650 1651 806 1682 virtutum
826 1662 891 1682 non
910 1650 1004 1682 modo
1024 1660 1088 1681 non
1108 1650 1203 1691 deest,
1223 1650 1278 1682 sed
1297 1651 1395 1682 etiam
1428 1659 1430 1663 ’

88 1714 215 1736 omnem
236 1706 375 1745 complet
394 1704 520 1736 librum.
1163 1699 1172 1710 ⁰

178 1769 294 1802 Omnia
313 1771 488 1812 conamina,
508 1771 624 1812 quibus
640 1771 725 1803 Tulli
744 1771 819 1803 libri
838 1771 886 1802 De
906 1769 957 1802 Or.
978 1769 1026 1802 III
1046 1770 1128 1802 ratio
1149 1769 1264 1808 λέξεως
1282 1770 1396 1802 alienis

90 1823 235 1864 partibus
264 1824 474 1864 permiscetur
501 1826 557 1856 aut
584 1825 661 1865 alio,
690 1835 786 1866 quam
811 1823 921 1856 Cicero
945 1824 1061 1859 voluit.
1090 1835 1184 1855 sensu
1209 1823 1396 1865 explicatur,

89 1876 205 1908 acriter
222 1877 379 1908 reicienda
394 1877 474 1908 mihi
489 1877 638 1909 videntur
652 1889 727 1910 esse.
758 1878 828 1915 Quo
843 1877 1064 1909 vehementius
1079 1877 1236 1918 Mayerus,
1255 1880 1292 1909 ut
1307 1889 1397 1909 suam

90 1929 130 1960 de
146 1929 385 1972 Theophrastes
396 1931 471 1962 libri
490 1931 597 1963 indole
616 1932 805 1963 sententiam
826 1931 907 1963 tueri
926 1933 1043 1972 posset,
1061 1931 1180 1962 librum
1199 1930 1248 1962 De
1264 1930 1398 1962 Oratore

92 1982 271 2024 vituperare
295 1983 418 2024 debuit,
442 1995 479 2016 eo
503 1985 605 2027 magis
630 1985 777 2026 equidem
797 1985 911 2016 haereo
931 1986 963 2015 et
982 1984 1097 2015 insisto
1118 1984 1151 2015 in
1171 1984 1291 2025 duplici
1312 1983 1398 2016 Cice-

93 2034 180 2066 ronis
202 2037 400 2079 testimonio,
426 2037 561 2069 alterum
585 2038 656 2069 dico
681 2037 839 2079 Oratoris,
865 2049 928 2079 quo
952 2038 1107 2069 virtutum
1132 2049 1151 2069 a
1173 2037 1397 2078 Theophrasto

92 2089 340 2121 constitutarum
360 2101 527 2122 numerum
547 2093 579 2122 et
598 2091 755 2122 rationem
775 2091 913 2122 breviter
935 2093 1113 2131 enumerat,
1137 2090 1271 2122 alterum
1298 2091 1398 2122 totius

93 2141 181 2172 tertii
195 2141 243 2173 De
258 2141 391 2175 Oratore
405 2143 489 2186 libri,
504 2155 567 2185 quo
587 2144 713 2175 easdem
728 2144 864 2175 virtutes
885 2144 1084 2175 demonstrat
1104 2144 1311 2175 fundamenta
1331 2155 1398 2175 esse

93 2194 298 2236 elocutionis,
322 2195 447 2236 qualem
466 2196 649 2229 inventores
668 2197 766 2228 huius
785 2197 900 2238 partis,
923 2208 1004 2238 quos
1024 2198 1149 2238 saepius
1169 2197 1399 2237 Peripateticos

92 2248 282 2289 appellavit,
309 2249 526 2282 instruxerint.
559 2249 694 2282 Omnem
723 2261 826 2282 meam
855 2250 1105 2291 disputationem
1135 2249 1295 2282 Ciceronis
1324 2250 1399 2281 fidei
