1566 2592
695 702 849 739 CAPUT
878 702 904 738 1.

455 780 525 828 DE
559 780 735 828 STATU
770 779 1144 829 QUAESTIONIS.

237 877 475 910 Maximilianus
495 877 643 910 Schmidt
668 879 748 911 bene
775 879 812 910 de
832 878 1056 919 Theophrasto
1080 880 1112 910 et
1135 878 1174 909 de
1200 881 1268 910 arte
1293 878 1454 910 rhetorica

149 923 369 973 meritusffit,
398 942 469 963 cum
496 932 530 963 in
551 932 841 973 „commentatione
867 932 905 963 de
929 931 1152 972 Theophrasto
1181 931 1327 963 rhetore“
1346 930 1454 974 (Halis

150 983 221 1015 Sax.
244 983 343 1028 1839>
377 987 409 1016 et
441 985 639 1026 reliquorum
671 985 828 1016 librorum
858 984 1092 1016 rhetoricorum
1121 987 1152 1015 et
1176 985 1355 1027 fragmenta
1378 983 1453 1025 περὶ

149 1036 263 1075 λέξεως
283 1036 328 1080 (p.
343 1037 490 1081 39—53)
510 1040 576 1070 tam
596 1040 741 1070 accurate
765 1038 945 1080 colligeret,
969 1040 1005 1069 ut
1025 1038 1092 1069 eius
1117 1039 1240 1080 sylloge
1264 1038 1368 1069 adhuc
1385 1049 1454 1079 per,-

148 1091 300 1122 manserit
324 1093 356 1123 et
375 1091 442 1123 sola
462 1091 558 1134 digna
578 1092 634 1132 sit,
658 1102 738 1133 quae
761 1103 779 1123 a
801 1091 895 1123 nobis
918 1091 1115 1123 adhibeatur.
1144 1091 1340 1123 Wimmerus
1360 1092 1455 1132 enim,

148 1142 312 1176 Parisinus
339 1144 442 1176 editor
465 1144 695 1186 Theophrasti,
723 1145 757 1176 in
784 1144 953 1176 rhetoricis
981 1136 1285 1186 fragmentiff‘fiihi‘l'
1309 1145 1454 1185 correxit,

149 1196 251 1228 multa
271 1197 388 1229 omisit.
416 1197 590 1230 Britannus
610 1200 717 1229 autem
737 1198 786 1229 vir
805 1198 1009 1229 doctissimus
1029 1200 1061 1229 et
1080 1198 1158 1229 artis
1178 1197 1354 1229 rhetoricae
1374 1198 1454 1239 peri—

149 1250 303 1291 tissimus,
321 1250 412 1291 Rhys
426 1250 574 1293 Roberts,
592 1251 655 1282 iam
676 1251 795 1282 dudum
816 1251 980 1292 pollicitus
995 1262 1027 1282 se
1047 1251 1228 1293 fragmenta
1246 1251 1321 1292 περὶ
1340 1251 1456 1289 λέξεως

150 1303 253 1335 denuo
273 1305 483 1335 tractaturum
499 1303 600 1347 esse1)
620 1304 788 1346 promisso,
808 1306 964 1346 quantum
984 1304 1132 1346 equidem
1147 1305 1222 1345 scio,
1236 1304 1379 1336 nondum
1395 1306 1456 1335 ste-

149 1357 198 1387 tit.
227 1355 424 1388 Schmidtius
445 1357 573 1398 quidem
593 1358 626 1388 in
645 1358 781 1399 singulis
804 1358 994 1400 fragmentis
1017 1358 1122 1389 haesit
1144 1368 1248 1399 neque
1272 1358 1454 1389 universam

150 1408 257 1452 libri2)
276 1409 350 1450 περὶ
366 1410 482 1448 λέξεως
500 1410 641 1442 indolem
657 1412 688 1442 et
708 1411 951 1451 dispositionem
966 1421 1025 1442 nos
1041 1411 1159 1442 docuit.
1189 1410 1308 1442 Contra
1327 1410 1455 1442 arcessi-

150 1462 192 1493 tis
207 1462 247 1493 iis
267 1462 355 1503 locis,
374 1474 454 1504 quos
469 1461 728 1495 translatos‘esse
743 1475 780 1495 ex
797 1463 1019 1506 Theophrasto
1035 1475 1053 1495 a
1072 1463 1253 1496 recentibus
1272 1463 1455 1495 rhetoribus

152 1515 184 1546 in
204 1526 279 1547 suos
297 1516 409 1557 libros,
429 1516 455 1547 si
475 1517 582 1548 minus
600 1517 739 1548 auctoris
758 1517 896 1558 nomine,
916 1519 949 1548 at
968 1517 1130 1548 doctrinae
1145 1519 1230 1549 certe
1244 1517 1368 1548 ratione
1383 1527 1456 1557 pro-

151 1567 294 1610 baretur,
319 1569 397 1610 quid
420 1569 458 1601 de
481 1572 550 1601 toto
580 1581 674 1611 opere
702 1571 832 1611 eiusque
862 1570 1070 1612 dispositione
1098 1570 1310 1602 demonstrari
1338 1572 1456 1611 posset,

153 1620 248 1663 Hugo
274 1622 364 1654 Rabe
389 1623 541 1664 exposuit
568 1622 692 1664 libello,
721 1624 776 1664 qui
804 1624 1006 1655 inscribitur:
1031 1623 1098 1664 „De
1122 1623 1336 1664 Theophrasti
1364 1623 1456 1654 libris

148 1659 491 1718 W(Diss.
508 1676 599 1708 Bonn
621 1675 729 1719 1890).
762 1677 895 1717 „Totius
915 1677 1021 1718 operis
1037 1677 1268 1718 Theophrastei
1288 1687 1456 1719 argumen-

152 1730 220 1765 tum
241 1729 334 1769 quale
352 1729 450 1761 fuerit
464 1731 496 1760 et
515 1730 676 1770 quomodo
696 1730 897 1771 dispositum,
917 1730 1014 1761 etiam
1030 1741 1114 1761 nunc
1129 1730 1191 1761 nisi
1206 1741 1278 1771 spes
1293 1740 1343 1761 me
1362 1730 1456 1770 fallit,

152 1792 168 1813 e
188 1781 407 1823 compluribus
427 1782 637 1824 scriptoribus
656 1783 723 1815 erui
743 1785 858 1824 potest,
882 1784 957 1814 dum
977 1784 1015 1815 de
1034 1794 1145 1815 eorum
1160 1783 1293 1815 diversis
1313 1783 1455 1815 consiliis

152 1837 237 1866 recte
261 1835 455 1867 iudicemus“
474 1835 578 1878 (Rabe
596 1837 616 1867 l.
633 1847 657 1868 c.
677 1848 706 1877 p.
723 1835 768 1879 6).
797 1835 895 1868 Cuius
922 1837 1026 1868 omnis
1053 1837 1229 1878 disputatio
1254 1848 1272 1868 a
1295 1836 1453 1878 Dionysio

152 1886 410 1920 Halicarnasensi
433 1889 559 1930 pendet,
583 1889 722 1931 „quippe
746 1889 801 1931 qui
825 1901 900 1930 prae
926 1891 1038 1921 ceteris
1065 1890 1202 1922 dilucide
1221 1890 1454 1931 Theophrastei

154 1940 258 1981 operis
277 1941 522 1982 dispositionem
541 1942 693 1983 prodere“
712 1944 741 1974 ei
760 1943 848 1974 visus
867 1944 909 1974 sit
929 1943 973 1984 (p.
990 1942 1033 1986 7).
1063 1943 1164 1981 Quam
1189 1944 1276 1975 varia
1299 1945 1406 1975 autem
1425 1945 1457 1973 et

153 1995 266 2025 natura
292 1994 417 2026 diversa
443 1997 631 2037 argumenta
649 1997 683 2027 in
702 2007 766 2027 uno
791 2007 895 2037 opere,
921 1997 1007 2037 quod
1027 1997 1058 2028 in
1086 1997 1227 2037 quinque
1246 1998 1339 2038 putat
1357 1996 1456 2027 libros

244 2103 269 2135 1)
289 2102 419 2131 Roberts:
448 2105 604 2132 Demetrius
623 2113 658 2131 on
678 2106 764 2139 style,
788 2106 954 2140 Cambridge
980 2109 1047 2132 1902
1071 2115 1098 2140 p.
1116 2109 1148 2132 16
1168 2107 1198 2138 „I
1217 2106 1289 2140 hope
1308 2107 1336 2132 to
1357 2105 1457 2132 collect

154 2142 304 2169 elsewhere
331 2143 484 2171 the-chief
508 2145 661 2179 fragments
681 2145 712 2171 of
728 2146 775 2172 the
795 2146 858 2178 περὶ
882 2146 978 2178 λέξεως
997 2147 1052 2172 and
1071 2150 1100 2172 to
1120 2147 1220 2173 review
1244 2146 1292 2172 the
1317 2145 1455 2172 scattered

154 2181 308 2208 references
326 2183 409 2210 made
427 2185 457 2210 to
475 2185 524 2210 the
545 2185 620 2211 work
638 2185 667 2211 in
687 2186 855 2219 antiquity.“

244 2223 269 2255 2)
291 2222 381 2249 Laert.
402 2223 482 2258 Diog.
497 2224 530 2255 V,
545 2227 578 2251 47
598 2225 662 2258 περὶ
680 2224 776 2256 λέξεως
795 2230 820 2252 οἳ.
850 2226 883 2251 Ei
902 2226 984 2252 fidem
999 2227 1068 2259 puto
1088 2226 1247 2252 habendam
1262 2234 1330 2258 esse,
1346 2225 1456 2251 etiamsi

155 2261 305 2295 Dionysius
325 2262 412 2289 altero
431 2262 493 2290 loco
513 2264 589 2290 dicat
609 2265 638 2291 ἐν
658 2269 715 2295 τοῖς
737 2266 799 2298 περὶ
819 2265 927 2297 λέξεως,
957 2265 1045 2292 altero
1070 2266 1099 2292 ἐν
1118 2270 1176 2296 τοῖς
1194 2266 1257 2298 περὶ
1276 2265 1373 2297 λέξεως
1391 2275 1456 2299 γρα-

153 2311 236 2339 φεῖσι.
266 2306 350 2332 Recte
369 2315 443 2334 nuno
461 2307 569 2342 Meyer:
589 2308 776 2342 Theophrasti
794 2310 857 2342 περὶ
877 2309 973 2341 λέξεως
987 2309 1053 2335 libri
1072 2310 1232 2344 fragmenta
1250 2319 1276 2343 p.
1289 2309 1335 2336 VI.
1351 2304 1372 2336 3¹
1392 2317 1456 2335 con-

154 2346 221 2373 iecit
240 2346 355 2373 Usener:
376 2347 455 2373 Anal.
476 2347 613 2382 Theophr.
633 2357 659 2382 p.
675 2351 690 2374 9
711 2349 744 2374 cf,
765 2358 791 2382 p.
807 2352 849 2381 20,
870 2350 992 2382 quinque
1012 2349 1096 2375 libros
1116 2351 1245 2376 numerat
1264 2350 1348 2376 Rabe.
