1566 2592
515 157 557 184 De
576 157 762 192 Theophrasti
781 157 890 184 ratione
908 159 1051 185 virtutum.
1395 160 1432 191 11

128 231 420 282 quattuorlaudum
433 239 631 270 enumeratio
642 239 734 280 quasi
749 239 1023 280 recapitulationis
1033 240 1101 271 vice
1117 240 1313 282 fungeretur,
1324 243 1436 282 postea

127 295 235 325 autem
244 292 341 325 verba
355 292 510 334 quaedam
521 292 559 323 de
570 292 738 323 sententiis
747 292 832 323 fecit.
857 291 962 330 Quare
973 303 1045 324 cum
1057 296 1209 334 quattuor
1219 294 1327 326 laudes
1338 295 1435 326 etiam

130 345 355 388 disputationis
378 345 434 376 filo
457 345 542 377 inter
561 356 594 376 se
609 347 812 386 consuantur,
834 345 988 387 sequitur,
1006 348 1043 377 ut
1065 346 1151 387 quod
1168 346 1207 378 de
1226 358 1289 378 una
1310 349 1436 379 constet

128 402 251 442 quarta,
269 398 353 431 idem
373 398 411 430 de
429 398 527 430 trium
547 398 802 430 antecedentium
822 401 951 430 auctore
971 399 1175 431 statuendum
1196 400 1246 431 sit.
1277 399 1338 431 Sed
1357 400 1435 431 haec

128 454 264 485 fortasse
282 451 411 484 leviora.
441 451 669 483 Gravissimum
690 462 765 483 vero
785 454 817 483 et
837 454 959 484 certum
978 455 1203 494 argumentum
1219 464 1258 484 ex
1273 453 1435 485 Ciceronis

128 505 404 549 argumentatione
428 506 461 536 et
479 505 613 537 consilio
633 506 772 546 capitur,
798 505 1026 546 quaerentibus
1050 505 1157 547 nobis,
1182 506 1259 547 quid
1282 506 1435 538 adhibitis

128 560 282 601 quattuor
300 558 449 590 laudibus
469 560 501 589 et
520 559 620 590 ascita
639 558 853 599 Theophrasti
874 559 1065 590 auctoritate
1085 559 1147 590 sibi
1167 559 1313 590 voluerit.
1343 559 1436 597 Quod

127 615 164 644 ut
187 611 420 653 intellegamus,
443 611 627 643 meminisse
646 622 704 643 nos
725 613 852 652 oportet
872 611 998 643 Atticos
1019 613 1052 643 in
1073 611 1259 644 Ciceronem
1278 613 1435 653 impetum

126 665 241 706 facere,
261 675 396 705 quorum
420 675 521 706 genus
545 664 670 696 dicendi
694 665 727 696 in
752 675 876 696 summa
900 665 1079 696 eruditione
1103 667 1136 696 et
1159 666 1329 706 prudentia
1351 666 1436 706 posi-

126 721 197 750 tum
216 729 321 750 rerum
342 717 508 759 diligentia
528 720 559 749 et
578 717 736 760 elegantia
755 718 925 749 verborum
949 718 1134 750 excellebat.
1163 718 1240 750 Tale
1264 719 1364 761 igitur
1383 730 1435 761 ge-

126 783 188 803 nus
212 774 374 803 oratorum
393 771 638 812 vituperandum
662 773 744 812 erat,
769 782 834 802 non
859 782 923 812 quo
947 772 1026 803 vitia
1051 772 1245 812 ostenderet,
1270 773 1326 803 sed
1350 772 1435 813 quod

128 826 223 857 bonis
247 826 374 856 careret.
408 823 510 861 Quam
536 825 727 856 sententiam
748 824 872 856 Tullius
898 824 1038 866 primum
1063 825 1129 856 suis
1156 826 1261 857 verbis
1290 825 1436 867 protulit,

127 890 202 911 cum
220 878 365 909 laudaret
384 888 434 916 ea,
457 888 538 918 quae
561 879 668 908 essent
691 877 802 909 subtili
827 877 947 908 oratori
972 878 1186 909 instrumenta
1210 878 1350 920 dicendi,
1374 878 1437 910 alia

128 943 203 963 vero
223 931 404 973 denegaret,
423 941 504 971 quae
518 941 584 962 non
598 931 704 962 minus
723 941 839 973 inagna
855 933 969 971 essent,
988 931 1088 962 veluti
1107 942 1258 964 numeros
1279 932 1436 964 oratorios

126 987 161 1016 et
180 995 306 1016 omnem
326 984 484 1026 insignem
504 985 652 1015 ornatum
673 982 740 1026 (Or.
758 983 912 1026 76—78).
941 984 1063 1015 Deinde
1082 987 1188 1016 autem
1220 986 1287 1016 iure
1307 985 1436 1025 veritus,

128 1048 168 1069 ne
190 1037 252 1069 sibi
280 1037 389 1069 cedere
417 1036 519 1068 Attici
544 1038 676 1078 nollent,
700 1037 740 1068 ad
763 1038 866 1068 maius
890 1048 1008 1069 nomen
1028 1037 1181 1069 iudicium
1202 1038 1327 1079 detulit,
1346 1038 1436 1070 cuius

127 1091 161 1122 in
181 1089 295 1128 λέξεως
314 1090 537 1131 praeceptione
557 1090 784 1122 auctoritatem
805 1101 913 1122 omnes
933 1091 1011 1122 artis
1038 1091 1216 1123 rhetoricae
1240 1091 1337 1132 periti
1356 1092 1437 1123 cole—

129 1144 219 1185 bant,
246 1143 286 1174 ad
309 1142 580 1184 Theophrastum,
609 1143 800 1186 magistrum
829 1143 1029 1176 elocutionis.
1063 1143 1222 1181 Quattuor
1245 1144 1299 1176 hic
1326 1144 1436 1175 laudes

126 1197 282 1229 orationis
302 1196 484 1237 constituit,
504 1207 638 1237 quarum
659 1199 723 1228 tres
744 1197 872 1238 quidem
892 1196 994 1228 Attici
1014 1208 1071 1228 sua
1095 1197 1275 1229 subtilitate
1299 1198 1436 1230 assecuti

127 1252 212 1292 sunt,
230 1261 294 1281 una
309 1251 393 1281 certe
409 1250 497 1281 deest
511 1261 629 1291 eosque
649 1250 779 1291 detinet,
793 1261 833 1282 ne
848 1250 888 1281 ad
903 1251 1060 1291 optimum
1076 1252 1271 1292 perveniant.
1301 1251 1436 1282 Omnem
1476 1266 1480 1286 2

129 1303 312 1345 argumenti
330 1303 395 1335 vim
415 1303 563 1334 debilitat
582 1305 614 1334 et
634 1303 669 1344 is,
689 1303 744 1344 qui
764 1305 917 1344 quattuor
936 1303 1066 1335 laudum
1087 1315 1183 1335 unam
1204 1304 1436 1345 Theophrasto,
1477 1296 1479 1302 ’

127 1358 193 1389 tres
211 1357 351 1398 reliquas
370 1359 426 1387 aut
445 1357 507 1398 ipsi
524 1356 669 1388 Ciceroni
689 1358 744 1388 aut
764 1356 856 1388 alteri
876 1357 1005 1398 tribuat,
1025 1359 1057 1388 et
1073 1357 1108 1398 is,
1129 1358 1184 1398 qui
1203 1358 1311 1398 plures
1331 1357 1437 1397 etiam,
1478 1355 1481 1358 ’

126 1420 207 1451 quas
227 1408 337 1442 Cicero
358 1410 516 1450 omiserit,
535 1410 643 1442 laudes
664 1421 682 1441 a
701 1409 924 1451 Theophrasto
945 1410 1137 1441 constitutas
1162 1421 1230 1441 esse
1256 1410 1436 1441 contendat.

127 1462 249 1500 Quodsi
268 1462 421 1504 legimus:
441 1463 552 1494 ‘unum
567 1463 678 1504 aberit,
694 1463 779 1504 quod
800 1466 948 1504 quartum
964 1466 1112 1494 numerat
1127 1463 1207 1504 Th.’,
1227 1475 1289 1504 qua
1306 1464 1435 1495 tandem

127 1515 250 1547 ratione
271 1515 334 1547 hoc
353 1516 475 1547 ‘unum'
495 1516 686 1557 explicabis,
704 1516 767 1547 nisi
792 1517 912 1556 omnia,
941 1527 1021 1557 quae
1041 1516 1282 1558 Theophrastus
1310 1519 1438 1558 praeter

127 1569 189 1600 hoc
209 1569 332 1600 ‘unum'
352 1569 464 1610 voluit,
484 1569 596 1600 subtili
616 1570 736 1601 oratori
756 1572 884 1611 praesto
905 1581 974 1600 esse
994 1570 1170 1601 concedes?

217 1622 269 1654 Ad
291 1633 459 1654 numerum
483 1622 615 1654 laudum
639 1624 670 1654 et
694 1623 908 1664 Theophrasti
933 1623 1157 1654 auctoritatem
1181 1623 1436 1665 cognoscendam
1472 1644 1474 1646 -

127 1676 224 1707 verba
244 1675 422 1717 ‘Oratoris',
441 1678 478 1707 ut
497 1676 720 1717 interpretatio
741 1677 864 1716 docuit,
888 1678 971 1707 certe
992 1676 1165 1708 sufficiunt.
1194 1675 1256 1707 Sed
1280 1687 1352 1708 cum
1372 1688 1435 1708 uno

126 1729 198 1761 loco
225 1731 528 1770 commemorentur,
554 1740 618 1760 non
645 1730 858 1771 intellegitur,
886 1741 964 1770 quas
984 1731 1090 1770 partes
1111 1730 1144 1760 in
1162 1729 1252 1761 libris
1279 1730 1435 1762 technicis

126 1781 202 1823 περὶ
221 1781 337 1820 λέξεως
356 1783 487 1824 egerint,
507 1782 668 1823 quomodo
685 1793 757 1814 cum
776 1783 909 1823 reliquis
929 1783 1109 1824 praeceptis
1128 1783 1162 1814 in
1177 1794 1276 1814 unum
1292 1783 1445 1827 ordinem

128 1836 342 1868 convenerint.
371 1835 460 1867 Haec
483 1838 589 1867 autem
614 1835 655 1866 ad
677 1835 806 1877 plenam
831 1836 963 1867 laudum
990 1835 1303 1877 Theophrastearum
1329 1837 1437 1878 cogni-

128 1889 248 1921 tionem
271 1888 496 1920 desiderantur.

219 1941 303 1973 Ecce
322 1941 442 1973 auxilio
462 1942 550 1974 venit
568 1942 651 1974 liber
669 1942 784 1974 tertius
803 1942 851 1974 De
871 1941 1014 1974 Oratore.
1043 1942 1104 1980 Qui
1124 1943 1151 1974 si
1171 1943 1247 1974 satis
1272 1943 1435 1974 adhibitus
1464 1968 1466 1989 ,1

129 1997 226 2036 esset,
249 1995 288 2027 de
312 1995 576 2036 interpretatione
600 1995 731 2027 laudum
756 1996 789 2027 in
809 1995 943 2028 Oratore
967 2007 1033 2028 non
1055 1996 1163 2037 potuit
1187 1996 1265 2027 adeo
1287 1996 1436 2028 dubitari.

131 2047 261 2079 Etenim
281 2058 353 2079 cum
367 2048 494 2080 easdem
509 2051 662 2090 quattuor
676 2049 786 2080 laudes
801 2049 846 2080 ita
862 2050 1050 2081 coniunctas
1066 2050 1238 2090 videamus,
1257 2052 1293 2080 ut
1308 2061 1434 2081 omnem

131 2100 246 2138 λέξεως
269 2100 377 2132 orbem
402 2102 670 2143 complectantur,
693 2113 758 2134 non
782 2102 846 2134 iam
869 2102 946 2135 licet
968 2102 1125 2135 dissoluto
1150 2102 1259 2134 ordine
1281 2102 1376 2133 aliam
1396 2102 1436 2134 ad

130 2153 229 2184 alium
248 2156 410 2186 auctorem
429 2155 546 2187 referre
566 2157 621 2187 aut
640 2156 704 2187 illis
724 2158 876 2197 quattuor
895 2157 1075 2197 complures
1095 2156 1174 2187 alias
1197 2156 1324 2187 aliunde
1347 2166 1435 2197 repe-

130 2207 206 2238 titas
230 2206 404 2239 adnectere.
440 2207 490 2239 Ita
513 2210 620 2240 autem
645 2209 683 2240 de
707 2209 887 2241 elocutione
913 2209 1060 2240 Crassum
1085 2209 1335 2251 praecipientem
1359 2209 1435 2240 fecit

131 2259 254 2292 Cicero:
277 2259 432 2301 „Quinam
451 2261 551 2302 igitur
570 2262 695 2293 dicendi
715 2264 763 2294 est
786 2262 900 2293 modus
923 2262 1037 2294 melior
1056 2288 1062 2294 .
1083 2288 1089 2294 .
1111 2288 1116 2293 .
1137 2273 1232 2303 quam
1256 2264 1291 2293 ut
1313 2261 1435 2302 Latine,

130 2314 167 2344 ut
185 2313 288 2355 plane,
308 2315 344 2344 ut
363 2315 484 2354 ornate,
502 2316 539 2345 ut
558 2315 597 2346 ad
616 2315 657 2356 id,
677 2315 901 2356 quodcumque
921 2317 1047 2357 agetur,
1067 2318 1140 2356 apte
1160 2317 1434 2357 congruenterque
