1566 2592
565 151 606 178 De
625 151 715 178 tribus
735 151 847 178 dicendi
866 151 1024 186 generibus.
1383 152 1446 184 103

132 234 212 266 Etsi
237 234 337 277 igitur
362 233 579 275 praeceptioni
606 233 797 264 elocutionis
823 244 942 274 genera
967 233 1134 265 subiunxit
1159 232 1221 276 (IV
1242 233 1312 276 10),
1338 236 1444 265 tamen

138 288 302 330 propriam
322 288 361 319 iis
381 287 468 318 dedit
486 289 609 328 partem
634 286 674 317 ab
694 286 764 327 ipsa
783 286 1001 327 institutione,
1020 298 1115 327 quam
1135 298 1154 318 a
1173 287 1346 318 virtutibus
1366 287 1447 329 peti-

127 338 205 373 ⁴‘tam
225 352 292 373 esse
311 340 610 380 demonstravimus,
628 339 723 371 certis
743 339 861 371 finibus
882 339 1119 382 segregatam.¹)
1149 339 1213 371 Cur
1228 342 1335 372 autem
1351 341 1446 372 advo-

135 395 258 427 caverit
275 404 405 436 genera,
423 403 516 424 nemo
536 393 599 424 iam
620 395 762 434 quaeret,
787 393 842 434 qui
861 403 900 423 ex
920 393 1085 434 prooemio
1106 393 1240 425 eundem
1260 393 1299 424 ab
1320 396 1447 425 oratore
1498 428 1505 430 s

136 459 202 480 non
223 448 326 489 φύσιν
345 447 509 488 postulare
529 446 725 488 cognoverit,
744 446 799 477 sed
819 448 947 486 praeter
965 448 1063 477 artem
1081 445 1227 489 (τέχνην)
1243 449 1275 478 et
1294 448 1446 479 exercita-

141 501 262 533 tionem
291 499 461 542 (ἄσκησιν)
490 500 618 531 tertiam
644 499 857 530 imitationem
883 498 1036 540 (μίμησιν
1054 498 1128 542 13),
1156 500 1247 531 cuius
1267 500 1300 532 in
1319 501 1446 541 provin-

132 555 219 587 ciam
247 565 364 597 genera
391 553 517 584 cadunt.
555 552 668 594 Itaque
695 552 773 584 adeo
801 563 866 583 non
894 552 1014 584 refellit
1036 552 1161 584 Auctor
1183 553 1223 584 ad
1247 553 1446 585 Herennium

131 619 217 649 eam,
236 619 331 649 quam
352 619 370 638 a
386 606 538 638 Cicerone
556 608 589 638 et
603 605 802 643 Quintiliano
818 605 997 646 didicimus,
1016 605 1216 647 divisionem,
1235 608 1271 638 ut
1286 606 1354 648 ipse
1369 618 1447 648 quo-

135 672 200 702 que
220 660 368 692 ostendat
386 671 504 702 genera
526 660 566 691 ab
591 670 628 690 ea
650 659 891 700 praecipiendae
910 658 1103 691 elocutionis
1122 660 1260 700 ratione,
1284 671 1365 701 quae
1384 660 1446 692 vir-

130 714 260 746 ·tutibus
281 714 471 754 continetur,
489 712 593 744 aliena
612 723 688 744 esse.

227 766 419 808 Priusquam
439 768 544 797 autem
565 765 603 796 ad
623 776 743 797 novum
762 768 858 807 caput
875 768 1091 807 transeamus,
1114 766 1253 798 breviter
1276 766 1446 798 dicendum

132 822 196 861 est,
224 831 287 861 qua
305 820 429 852 ratione
457 820 593 850 virtutes
617 830 675 860 per
703 829 821 861 genera
849 819 1040 851 distributae
1070 820 1143 851 sint.
1172 818 1207 851 Si
1227 820 1311 851 enim
1331 831 1449 862 genera

135 873 264 914 plenius
284 873 507 904 describuntur
524 874 565 913 et,
585 883 665 913 quae
685 871 936 913 uniuscuiusque
956 873 1087 913 propria
1107 872 1181 913 sint,
1200 873 1270 904 fuse
1289 874 1448 915 explican-

132 928 198 966 tur,
218 926 287 957 fieri
302 936 366 957 non
381 927 497 967 potest,
513 925 588 966 quin
605 927 683 956 nota
697 927 729 956 et
748 926 880 967 vulgata
894 926 1052 957 virtutum
1072 926 1218 958 doctrina
1233 926 1272 957 ad
1292 926 1448 958 iudicium

134 979 328 1011 adhibeatur
350 990 415 1010 non
442 989 531 1010 secus
555 981 652 1020 atque
676 978 802 1010 iudiciis
821 978 860 1010 de
884 979 1020 1020 singulis
1045 979 1227 1011 oratoribus
1252 979 1338 1021 apud
1362 979 1449 1012 Cice-

134 1043 259 1073 ronem,
276 1032 479 1073 Dionysium,
499 1031 732 1069 Quintilianum
752 1032 888 1063 virtutes
907 1032 1038 1064 subesse
1057 1034 1268 1075 cognovimus
1288 1032 1328 1075 (c.
1343 1032 1414 1072 VI).

227 1085 443 1123 Quintilianus
462 1087 568 1116 autem
588 1096 705 1126 genera
731 1087 796 1116 tam
821 1085 962 1117 breviter
986 1088 1152 1117 enumerat
1171 1085 1248 1128 (XII
1265 1086 1314 1128 10,
1325 1086 1392 1129 58),
1411 1090 1449 1118 ut

133 1139 310 1171 virtutibus
338 1149 403 1170 non
431 1141 554 1179 utatur,
582 1138 644 1169 nisi
674 1139 809 1170 fortuito
838 1139 872 1170 in
899 1139 1053 1180 exemplis
1082 1139 1262 1171 Homericis
1291 1152 1309 1171 a
1337 1139 1447 1172 Stoico

132 1192 275 1234 quodam
299 1190 541 1234 grammatico²)
564 1191 683 1233 petitis.
716 1191 765 1223 Ita
789 1192 873 1224 enim
898 1192 936 1223 de
956 1192 1101 1224 Menelao
1121 1192 1184 1224 XII
1202 1193 1250 1235 10,
1265 1193 1321 1224 64:
1344 1193 1447 1234 „Nam

133 1247 170 1277 et
189 1245 348 1277 Homerus
368 1245 495 1277 brevem
517 1245 646 1286 quidem
666 1256 738 1276 cum
763 1245 962 1277 iucunditate
981 1248 1013 1278 et
1038 1246 1201 1288 propriam
1225 1245 1273 1288 (id
1294 1247 1379 1278 enim
1398 1249 1448 1279 est

132 1309 202 1331 non
231 1298 373 1330 deerrare
400 1297 549 1340 verbis³))
578 1300 610 1329 et
637 1301 795 1330 carentem
822 1299 1027 1339 supervacuis
1057 1299 1274 1340 eloquentiam
1301 1300 1447 1332 Menelao

132 1352 234 1392 dedit,
251 1362 329 1392 quae
347 1354 420 1383 sunt
437 1352 564 1383 virtutes
586 1352 706 1391 yeneris
730 1351 816 1383 illius
836 1353 966 1392 primi“.
994 1352 1192 1384 Brevitatem
1217 1353 1317 1395 igitur
1336 1356 1368 1384 et
1387 1354 1449 1385 ele-

132 1405 281 1447 gantiam
296 1405 400 1445 primo
416 1406 525 1446 generi
545 1403 701 1446 adsignat,
717 1405 748 1435 in
765 1405 910 1445 sequenti
925 1405 1074 1437 Nestoris
1089 1407 1235 1447 exemplo
1255 1408 1447 1439 suavitatem

133 1457 232 1500 (ἡὸύ)
250 1458 355 1489 medio
376 1458 430 1489 dat
448 1458 571 1500 generi,
591 1458 863 1499 magnificentiam
884 1457 1155 1502 (μεγαλοπρεπές)
1176 1460 1313 1501 denique
1333 1461 1449 1502 grandi

133 1511 248 1553 generi
266 1510 383 1542 Ulixis.

228 1563 338 1596 Cicero
358 1564 520 1605 quomodo
540 1564 675 1597 virtutes
695 1565 779 1596 inter
797 1576 915 1607 genera
934 1566 1146 1607 distribuerit,
1169 1567 1240 1599 luce
1261 1566 1379 1599 clarius
1399 1570 1448 1599 est

133 1628 177 1648 -ex
192 1618 248 1649 illo
265 1616 410 1649 oratoris
425 1617 506 1657 loco,
526 1629 619 1659 quem
640 1628 734 1659 saepe
754 1619 788 1650 in
808 1619 868 1650 hac
882 1619 1098 1660 disputatione
1114 1620 1282 1652 attulimus
1297 1619 1365 1662 (Or.
1382 1620 1446 1663 79).

138 1670 320 1702 Atticorum
340 1671 446 1702 subtili
465 1671 572 1713 generi
587 1673 652 1702 tres
668 1682 706 1702 ex
720 1671 970 1713 Theophrasteis
986 1673 1160 1704 virtutibus
1180 1674 1326 1705 concedit
1343 1678 1448 1706 καθα-

137 1725 210 1765 ρόν,
230 1723 342 1764 σαφές,
362 1723 502 1765 πρέπον,
522 1726 668 1765 quartam
688 1725 716 1756 ei
736 1725 879 1767 denegat,
900 1736 980 1766 quae
1001 1729 1189 1758 ornamenta
1207 1728 1447 1770 complectitur3

134 1777 229 1809 cuius
248 1777 353 1808 medio
374 1778 482 1819 generi
502 1779 626 1818 partem
646 1778 775 1819 quidem
795 1779 923 1819 tribuit,
947 1780 1060 1821 grandi
1085 1791 1222 1812 omnem.
1249 1780 1362 1822 Itaque
1381 1793 1446 1813 non

134 1841 233 1862 omne
253 1841 352 1872 genus
371 1842 429 1861 sua
447 1831 578 1872 propria
593 1831 711 1863 virtute
731 1831 918 1863 distinctum
938 1834 995 1873 est,
1016 1844 1078 1874 qua
1097 1844 1115 1864 a
1135 1834 1257 1876 ceteris,
1277 1845 1357 1875 quae
1377 1846 1447 1866 eam

136 1893 204 1914 non
223 1886 398 1924 praestent,
418 1884 552 1916 differat.
582 1883 688 1916 Genus
707 1885 828 1927 grande
847 1888 879 1916 et
903 1885 1028 1917 easdem
1049 1887 1184 1918 virtutes
1208 1898 1304 1928 quam
1329 1888 1447 1919 subtile

136 1936 382 1977 comprehendit
397 1939 428 1968 et
447 1938 578 1979 insuper
597 1941 785 1979 apparatum
801 1939 986 1979 oratorium,
1001 1940 1056 1980 qui
1071 1939 1284 1981 Theophrasti
1300 1943 1447 1982 quartam

138 1988 256 2030 implet
273 1990 434 2022 virtutem.
463 1990 527 2022 Cur
550 1993 656 2022 autem
682 1991 793 2023 Cicero
822 1992 960 2023 medium
987 1995 1018 2024 et
1047 1993 1166 2034 grande
1193 2005 1295 2036 genus
1319 2005 1383 2025 non
1408 2006 1447 2025 ex

141 2041 315 2073 virtutibus
336 2043 548 2085 descripserit,
567 2046 603 2075 ut
622 2045 698 2075 fecit
718 2045 751 2075 in
770 2045 890 2087 subtili,
909 2046 1002 2077 facile
1022 2046 1233 2088 intellegitu13
1252 2048 1341 2079 ambo
1361 2048 1446 2079 enim

232 2156 257 2188 l)
277 2154 336 2187 Quo
356 2155 400 2188 fit,
422 2158 454 2183 ut
479 2157 644 2184 elocutionis
664 2158 889 2192 praeceptionem
910 2161 1041 2193 bipartire
1061 2159 1170 2186 debeat*
1201 2160 1328 2187 Genuina
1352 2163 1447 2187 autem

139 2194 309 2221 instituendi
327 2196 399 2222 ratio
419 2197 478 2223 sine
497 2197 582 2224 dubio
602 2198 748 2224 uniformis
768 2200 816 2224 est.

231 2236 258 2268 2)
278 2234 319 2262 Do
344 2235 421 2263 fonte
450 2237 542 2263 Stoico
570 2241 688 2272 egerunt
716 2239 934 2265 Radermacher:
965 2239 1035 2265 Mus.
1055 2239 1143 2266 Rhea.
1158 2243 1201 2273 52,
1215 2243 1276 2272 419,
1296 2240 1445 2266 Schrader:

141 2274 262 2301 Hermae
280 2275 335 2301 vol.
350 2278 392 2308 37,
403 2279 461 2303 558.

232 2316 257 2348 3)
277 2315 412 2342 Homerus
432 2316 514 2343 dixit:
534 2315 597 2344 οὐδ’
615 2318 835 2352 ἀφαμαρτοεπής
853 2321 879 2345 Γ
896 2322 956 2345 215.
