1566 2592
195 126 237 158 88
765 128 856 164 Caput
875 130 934 157 V11.

194 209 271 240 tatis
290 211 386 251 atque
406 220 479 242 cum
500 210 660 251 capitibus
679 211 756 252 suis,
777 211 947 244 verborum
968 213 1102 254 delectu,
1122 214 1365 257 compositione,
1384 216 1508 259 figuris.
1540 243 1545 263 3

195 261 283 305 Ergo
310 263 406 294 etiam
432 263 486 295 hic
511 263 593 295 liber
618 264 651 296 in
677 265 893 298 fundamentis
920 267 1045 308 positus
1071 270 1133 310 est,
1159 279 1240 310 quae
1263 268 1509 311 Theophrastus
1544 286 1549 302 x

192 318 303 348 noster
326 317 470 348 coniecit.
504 316 569 349 Cur
591 319 697 350 autem
722 318 855 350 liberius
879 319 1041 352 adhibitae
1065 321 1130 353 sint
1153 321 1290 354 virtutes
1314 322 1508 356 elocutionis

192 371 225 401 et
243 370 361 411 partim
382 372 605 412 commutatae,
625 383 642 403 e
662 371 786 403 diversa
805 372 930 405 ratione
947 373 1163 406 instituendae
1183 374 1298 413 λέξεως
1317 378 1349 408 et
1367 377 1507 419 κρίσεως
1556 395 1566 411 ¹.

190 423 385 456 factitandae
404 424 630 457 intelleximus.
1561 427 1566 431 ⁴

282 476 402 509 Contra
422 478 537 510 desunt
556 479 618 510 tria
637 479 762 511 dicendi
782 490 907 522 genera,
927 491 1008 522 quae
1027 480 1250 523 Theophrasto
1270 483 1368 515 tribui
1389 483 1503 517 solent.

191 530 324 573 Optimo
344 532 411 563 iure
431 532 469 563 de
488 532 548 564 hac
566 543 600 564 re
620 533 789 564 admonuit
807 533 1047 566 Hendrickson:
1074 533 1124 576 „It
1142 535 1170 567 is
1189 537 1407 579 noteworthy,
1433 536 1507 570 that

189 585 223 616 in
242 585 297 617 the
318 584 471 627 ‘Brutus’‚
491 585 648 628 although
668 586 724 617 the
743 587 969 619 conventional
988 588 1079 620 three
1098 588 1207 621 officia
1225 590 1361 622 oratoris
1380 601 1434 622 are
1452 590 1505 623 de-
1563 611 1566 615 ·

189 639 275 670 fined
295 637 400 682 (185),
421 642 476 680 yet
494 639 585 671 there
604 651 739 681 appears
758 651 800 671 no
820 642 907 673 trace
926 641 964 673 of
979 641 1034 673 the
1053 642 1255 685 recognition
1274 643 1312 675 of
1326 643 1418 676 three
1435 654 1505 677 cor·

189 692 386 734 responding
414 692 532 734 styles“
559 691 612 735 (A.
632 692 661 724 J.
682 692 739 724 Ph.
759 693 868 725 XXVI
890 694 976 726 1905
1004 706 1034 736 p.
1054 694 1143 738 265).
1181 695 1254 728 Duo
1283 707 1358 728 sane
1386 707 1505 740 genera

187 746 353 778 nonnullis
381 746 462 778 locis
491 746 749 789 distinguuntur,
777 748 913 780 alterum
942 748 1140 791 inornatum,
1173 749 1259 791 quod
1288 761 1361 782 cum
1389 750 1502 783 subtili

186 800 367 841 comparari
387 802 503 842 potest,
522 801 659 832 alterum
679 802 876 833 ornamentis
894 802 1077 843 praeditum
1097 805 1130 834 et
1148 804 1323 845 copiosum.
1356 803 1502 842 Quorum

186 854 343 885 rationem
374 853 526 886 discimus
555 853 607 886 Br.
623 854 702 886 201:
734 854 913 896 „Quoniam
942 866 1018 898 ergo
1047 858 1211 888 oratorum
1240 857 1399 889 bonorum
1427 856 1503 900 (hos

187 907 270 938 enim
293 906 492 950 quaerimus)
515 907 577 939 duo
598 919 714 950 genera
734 910 821 950 sunt,
845 920 945 940 unum
966 911 1129 941 attenuate
1152 921 1339 952 presseque,
1362 910 1500 944 alterum

186 961 313 993 sublate
337 959 507 1003 ampleque
531 961 720 993 dicentium:
749 961 811 994 etsi
839 962 873 993 id
901 962 1016 994 melius
1044 965 1107 1005 est,
1135 963 1222 1005 quod
1245 963 1444 1006 splendidius
1467 965 1503 997 et

186 1014 454 1056 magnificentius,
469 1017 579 1046 tamen
593 1014 627 1046 in
643 1014 735 1047 bonis
752 1015 869 1057 omnia,
883 1027 964 1057 quae
979 1027 1105 1048 summa
1119 1019 1203 1058 sunt,
1219 1017 1287 1049 iure
1301 1018 1502 1051 laudantur.“

184 1067 223 1100 In
243 1067 380 1110 singulis
400 1068 527 1100 iudiciis
546 1079 618 1100 raro
638 1068 677 1100 ad
697 1068 776 1100 haec
795 1069 858 1100 duo
877 1080 994 1112 genera
1013 1070 1190 1111 revertitur,
1210 1070 1311 1103 veluti
1329 1071 1363 1103 in
1380 1070 1501 1104 Stoicis

184 1121 267 1164 (114
277 1120 363 1165 sqq.)
375 1121 425 1153 vel
440 1122 473 1153 in
484 1121 712 1164 Demosthene,
727 1133 823 1164 quem
838 1123 1005 1164 utriusque
1016 1124 1142 1166 generis
1153 1124 1310 1156 arbitrum
1323 1124 1433 1157 laudat
1442 1124 1500 1158 35:

181 1175 294 1218 „Nihil
310 1174 444 1218 (potuit)
461 1175 623 1208 subtiliter
637 1176 709 1216 dici,
718 1176 801 1208 nihil
815 1187 933 1219 presse,
947 1177 1030 1208 nihil
1044 1177 1217 1219 enucleate,
1231 1188 1296 1220 quo
1311 1179 1381 1210 fieri
1395 1178 1500 1220 possit

183 1229 307 1271 aliquid
324 1229 478 1270 limatius,
497 1229 579 1260 nihil
599 1231 711 1261 contra
730 1230 860 1273 grande,
878 1230 960 1262 nihil
980 1231 1159 1273 incitatum,
1177 1231 1260 1263 nihil
1280 1234 1429 1264 ornatum
1446 1232 1499 1264 vel

182 1283 353 1315 verborum
373 1282 532 1324 gravitate
551 1283 602 1315 vel
622 1284 863 1324 sententiarum,
883 1295 946 1325 quo
967 1284 1143 1326 quidquam
1162 1287 1246 1317 esset
1264 1285 1407 1318 elatiusf‘
1434 1284 1496 1318 Sed
1561 1311 1566 1320 ,

181 1348 282 1378 parva
295 1336 374 1368 haec
389 1339 465 1368 sunt
480 1348 633 1379 generum
650 1337 796 1380 vestigia,
816 1337 933 1378 quibus
947 1338 1104 1370 virtutum
1119 1338 1262 1370 officium
1278 1338 1311 1370 in
1325 1338 1498 1372 iudicando
1564 1342 1566 1345 ’

179 1401 382 1432 nequaquam
402 1390 567 1422 minuitur.

269 1443 338 1475 Iam
363 1455 400 1475 eo
424 1444 587 1486 progressi
612 1455 736 1486 sumus,
761 1446 797 1476 ut
816 1444 988 1486 rationem,
1011 1455 1093 1486 quae
1113 1445 1196 1477 inter
1214 1445 1342 1478 dicendi
1360 1445 1498 1478 virtutes

181 1499 214 1529 et
232 1498 296 1529 tria
314 1497 393 1530 haec
411 1508 529 1540 genera
549 1497 748 1530 conclamata
767 1498 952 1539 intercedat,
970 1500 1108 1530 tractare
1126 1499 1298 1541 possimus,

705 1695 861 1733 CAPUT
889 1697 968 1734 VII.

381 1773 454 1822 DE
484 1774 681 1823 TRIBUS
708 1774 933 1823 DIGENDI
962 1774 1283 1824 GENERIBUS.

265 1873 443 1905 Historiam
460 1874 558 1905 trium
579 1873 705 1906 dicendi
724 1885 876 1916 generum
897 1874 1097 1906 conscribere
1116 1885 1181 1906 non
1200 1875 1233 1906 in
1253 1874 1359 1906 animo
1376 1873 1490 1907 habeo.

175 1927 330 1965 Quaestio
354 1927 438 1959 enim
463 1927 542 1959 haee
565 1930 614 1959 est
632 1927 757 1960 lubrica
782 1930 813 1959 et
836 1928 982 1960 fallaciae
1003 1927 1111 1969 plena,
1140 1927 1259 1970 quippe
1285 1938 1367 1969 quae
1390 1927 1490 1962 nullis

175 1981 269 2012 certis
289 1981 484 2012 testimoniis
505 1983 647 2013 veterum
667 1983 833 2013 auctorum
855 1981 1064 2013 confirmetur
1082 1984 1114 2013 et
1132 1993 1151 2013 a
1170 1981 1370 2013 nostratibus
1389 1981 1423 2013 in
1443 1981 1489 2014 di·
1557 1981 1566 2047 j

172 2045 281 2066 versas
305 2036 461 2067 tractetur
479 2037 595 2076 partes.
629 2034 769 2066 Tantum
789 2035 907 2076 dicam,
937 2036 1091 2076 quantum
1114 2035 1153 2066 ad
1173 2034 1422 2078 intellegendam
1440 2045 1487 2067 ra-
1555 2051 1566 2094 i

172 2088 308 2129 tionem,
340 2099 420 2129 quae
447 2088 531 2120 inter
557 2088 693 2120 virtutes
720 2088 896 2120 intercedat
922 2090 954 2119 et
981 2099 1112 2131 genera,
1141 2087 1220 2120 mihi
1251 2099 1331 2130 opus
1360 2087 1489 2120 videtur
1559 2099 1566 2117 i

172 2153 250 2173 esse.
280 2141 478 2183 Quamquam
499 2152 539 2173 ne
555 2152 591 2173 ea
612 2141 741 2183 quidem
761 2144 826 2173 tam
847 2142 943 2173 certis
961 2142 1161 2184 argumentis
1181 2141 1392 2174 demonstrari
1411 2152 1484 2184 pos·

172 2197 257 2237 sunt,
277 2197 314 2227 ut
339 2194 429 2226 nulla
453 2197 620 2227 moveatur
641 2195 810 2236 dubitatio,
838 2197 955 2236 tamen,
974 2206 1055 2237 quae
1080 2206 1118 2227 ex
1143 2196 1292 2228 universa
1317 2195 1486 2236 utriusque

171 2248 334 2280 doctrinae
354 2248 461 2280 indole
481 2251 513 2280 et
530 2260 590 2280 usu
606 2248 753 2281 concludi
770 2249 918 2280 videntur
932 2259 1034 2290 posse,
1054 2251 1091 2280 ut
1109 2259 1212 2280 meam
1233 2248 1356 2281 scilicet
1375 2248 1414 2280 de
1432 2258 1485 2298 ge-

169 2302 300 2334 neribus
319 2302 511 2334 sententiam
530 2313 717 2344 proponam.
