1566 2592
215 129 262 161 48
801 128 893 164 Caput
910 129 957 156 IV.

308 211 528 252 principatum
550 211 760 244 obtinuerunt
777 213 843 244 tres
862 212 998 244 virtutes
1018 211 1181 253 narrandi,
1204 211 1244 244 ab
1265 211 1435 245 Isocrateis
1458 222 1532 246 con-

215 265 360 296 stitutae.
389 264 451 297 Sed
466 264 684 297 Theodecteae
698 265 833 297 rationis
847 276 1092 307 nonnumquam
1108 266 1245 308 vestigia
1259 268 1423 307 apparent.
1450 265 1531 299 Cum

217 319 302 350 enim
329 317 447 350 Fabius
471 320 592 350 ceteras
616 319 751 350 virtutes
775 318 888 350 multis
912 318 1099 350 auctoribus
1123 319 1332 361 relinqueret,
1356 319 1531 352 iucundum

214 371 312 415 (ἡδύ)
328 371 388 404 soli
403 371 578 405 Theodecti
598 371 714 404 tribuit
733 371 795 415 (IV
810 372 839 413 2,
855 372 922 414 63).
952 371 1155 414 Ubicumque
1170 373 1271 416 igitur
1286 372 1350 414 ἡδύ
1366 374 1450 406 inter
1462 385 1533 406 nar-

217 426 353 457 rationis
372 426 508 457 virtutes
528 425 668 464 ducitur,
693 437 751 458 nos
771 425 839 458 iure
864 426 902 457 de
921 425 1102 458 Theodecte
1125 426 1355 469 cogitabimus,
1378 437 1445 459 non
1467 437 1532 469 quo

216 490 290 511 eum
310 480 417 521 ipsum
438 490 564 521 semper
581 479 704 511 fontem
724 490 792 511 esse
813 479 910 521 iuius,
930 479 985 520 qui
1004 479 1040 511 τὸ
1061 479 1125 520 ἡδύ
1140 479 1279 521 exhibet,
1298 483 1459 522 putemus,
1477 480 1533 512 sed

214 534 441 565 auctoritatem
461 533 528 565 eius
548 544 793 576 cognoscemus,
817 544 890 565 cum
910 535 1037 575 praeter
1057 533 1191 565 usitatas
1210 534 1448 575 τεχνογράφων
1467 536 1533 566 tres

216 587 353 619 virtutes
372 587 523 619 narrandi
542 587 638 618 etiam
658 587 695 619 τὸ
715 586 780 628 ἡδύ
797 606 837 610 -
853 598 871 618 a
887 586 1089 628 philosophis
1104 586 1221 628 opinor
1235 605 1278 610 —
1294 587 1448 619 traditum
1463 597 1533 619 esse

216 640 391 672 videamus.

306 694 414 736 Atque
440 694 580 736 primum
607 694 737 735 quidem
765 693 877 726 Cicero
903 696 940 725 ut
966 695 1136 735 praecepta
1162 693 1367 735 scholastica,
1395 705 1476 736 quae
1502 694 1532 726 ei

215 747 411 789 perridicula
429 747 621 779 videbantur
639 747 703 790 (De
719 746 771 779 Or.
787 747 827 790 ΙΙ,
844 747 916 790 77),
940 747 1140 789 aliquantum
1161 747 1350 790 corrigeret,
1370 747 1411 780 ad
1429 741 1532 780 Theo-

213 801 319 833 dectis
334 802 513 834 doctrinam
529 800 663 832 redibat.
697 801 954 843 Τεχνογράφους
968 801 1061 833 affert
1071 800 1127 843 (ΙΙ,
1137 800 1208 844 80);
1223 800 1366 842 „Deinde
1380 811 1448 833 rem
1462 812 1532 834 nar·

215 866 286 887 rare
305 855 352 886 ita
372 854 522 897 (iubent),
542 856 578 886 ut
598 855 664 886 veri
685 854 800 886 similis
820 854 963 887 narratio
979 855 1030 894 sit,
1045 857 1081 886 ut
1095 857 1215 896 aperta,
1234 857 1270 886 ut
1285 854 1410 887 brevis“
1427 865 1532 898 neque

212 919 269 940 eos
289 908 383 950 plane
408 907 571 950 improbat
591 907 645 950 (11,
661 908 732 951 83):
751 908 837 950 „Iam
858 919 932 940 vero
955 908 1188 949 narrationem,
1212 907 1299 950 quod
1322 908 1435 940 iubent
1453 907 1534 941 veri·

215 962 353 994 similem
381 973 449 994 esse
475 964 508 994 et
533 964 677 1004 apertam
703 964 735 994 et
761 962 904 1004 brevem,
930 965 1016 994 recte
1041 973 1101 994 nos
1127 961 1315 1003 admonent,
1342 961 1429 1004 quod
1454 961 1532 994 haec

215 1015 409 1047 narrationis
428 1015 531 1058 magis
551 1018 668 1057 putant
687 1027 756 1048 esse
771 1016 912 1058 propria,
931 1026 1028 1057 quam
1042 1015 1144 1047 totius
1159 1015 1326 1056 orationis,
1345 1015 1437 1048 valde
1452 1014 1533 1048 mihi

215 1069 366 1101 videntur
384 1070 518 1101 errare.“
545 1069 618 1101 Etsi
639 1069 740 1112 igitur
758 1080 823 1101 non
845 1070 1008 1111 vituperat
1029 1069 1093 1100 tria
1115 1069 1186 1110 illa,
1207 1071 1317 1100 tamen
1341 1069 1531 1102 brevitatem

214 1122 310 1154 aliter
333 1123 539 1165 interpretari
564 1123 673 1155 studet
696 1122 757 1166 (11,
771 1123 851 1166 326)
877 1134 974 1165 quam
999 1123 1053 1154 isti
1073 1121 1221 1154 Graeculi
1246 1121 1307 1165 (sic
1321 1121 1367 1165 Π,
1383 1122 1449 1165 77).
1480 1121 1533 1156 Ita

212 1176 301 1208 enim
328 1177 372 1208 sit
397 1176 504 1208 brevis
532 1177 650 1218 oratio,
676 1179 712 1208 ut
738 1177 877 1209 iucunda
903 1175 1026 1219 (ἡδεῖα)
1054 1187 1122 1208 esse
1149 1187 1215 1208 non
1241 1176 1372 1208 desinat.
1409 1175 1531 1219 „Saepe

212 1230 308 1262 obest
322 1231 373 1262 vel
392 1231 532 1262 maxime
551 1230 583 1262 in
603 1230 763 1262 narrando
783 1229 966 1273 (brevitas),
984 1240 1050 1262 non
1065 1229 1170 1262 solum
1190 1229 1276 1272 quod
1300 1229 1531 1262 obscuritatem

212 1283 333 1325 adfert,
357 1284 412 1316 sed
432 1284 529 1315 etiam
549 1284 636 1325 quod
655 1295 724 1315 eam
744 1284 911 1325 virtutem,
936 1294 1017 1325 quae
1035 1284 1232 1315 narrationis
1252 1285 1300 1315 est
1319 1283 1474 1325 maxima,
1494 1285 1532 1316 ut

213 1337 379 1369 iucunda
394 1339 426 1369 et
440 1337 480 1368 ad
496 1337 754 1378 persuadendum
773 1337 1015 1369 accommodata
1030 1337 1080 1378 sit,
1095 1336 1211 1368 tollitf‘
1239 1336 1320 1368 Eam
1337 1336 1530 1370 sententiam

212 1390 329 1423 deinde
349 1391 504 1432 exemplis
526 1391 726 1432 comprobat.

304 1444 392 1476 Idem
417 1445 481 1486 ἡδύ
511 1445 673 1476 invenitur
697 1446 730 1476 iu
754 1444 989 1476 Partitionibus
1012 1443 1066 1476 Or.
1081 1444 1138 1476 31:
1161 1443 1263 1486 „Quid
1288 1445 1322 1476 in
1345 1443 1530 1477 narratione

211 1509 296 1539 quae
319 1498 448 1530 tandem
473 1498 690 1530 conservanda
714 1499 810 1530 sunt?
898 1523 905 1530 .
924 1509 962 1530 ea
986 1500 1062 1530 sunt
1086 1498 1119 1530 in
1144 1509 1181 1530 ea
1204 1497 1360 1529 servanda
1383 1498 1531 1540 maxime,

212 1562 297 1593 quae
315 1552 410 1583 etiam
426 1553 462 1583 in
479 1552 608 1593 reliquis
622 1553 688 1584 fere
704 1552 830 1584 dicendi
839 1552 1002 1592 partibus;
1023 1562 1104 1592 quae
1119 1551 1237 1593 partim
1253 1554 1329 1584 sunt
1342 1551 1531 1594 necessaria,

214 1601 334 1646 partim
353 1605 524 1647 adsumpta
543 1605 581 1637 ad
602 1606 789 1637 ornandum.
817 1605 902 1637 Nam
926 1607 963 1637 ut
986 1605 1122 1638 dilucide
1142 1605 1402 1646 probabiliterque
1424 1615 1530 1637 narre-

214 1670 299 1698 mus,
325 1659 541 1691 necessarium
567 1661 623 1691 est.
655 1658 717 1691 Sed
743 1659 949 1691 adsumemus
976 1659 1072 1691 etiam
1099 1659 1320 1691 suavitatemss
1357 1659 1531 1699 Συντομία

212 1714 321 1743 autem
348 1712 411 1744 hoc
437 1713 469 1744 in
495 1712 578 1744 libro
599 1714 764 1755 σαφηνείᾳ
783 1712 999 1755 subiungitur.
1033 1711 1143 1754 Atque
1171 1713 1210 1744 de
1238 1712 1418 1744 differentia
1445 1711 1530 1744 inter

214 1766 408 1798 necessarias
437 1769 469 1798 et
501 1766 686 1808 adsumptas
715 1767 851 1798 virtutes
883 1766 968 1798 facta
996 1766 1079 1797 infra
1107 1765 1261 1798 dicemus:
1294 1765 1347 1797 hic
1374 1765 1452 1797 satis
1478 1766 1528 1796 est

213 1830 418 1852 commonere
452 1820 485 1851 in
518 1819 766 1860 Partitionibus,
795 1830 875 1861 quas
909 1819 1088 1861 διαιρέσεις
1120 1819 1296 1861 ῥητορικάς
1321 1829 1360 1850 ex
1386 1817 1529 1860 philoso-

214 1872 354 1914 phorum
374 1873 520 1904 fontibus
539 1873 670 1905 fluxisse
690 1873 818 1915 scimus,
837 1873 1029 1904 suavitatem
1050 1872 1134 1904 inter
1151 1871 1301 1904 narrandi
1317 1871 1453 1903 virtutes
1472 1881 1529 1903 nu-

213 1927 340 1958 merari.

305 1979 479 2012 Suavitatis
504 1981 535 2011 in
555 1980 737 2012 narratione
764 1980 933 2022 vestigium
955 1980 1051 2012 etiam
1070 1978 1247 2020 Dionysius
1266 1978 1369 2010 Halic.
1379 1977 1529 2019 servavit,

213 2034 271 2075 qui
285 2033 323 2065 de
338 2033 453 2075 Lysiae
472 2036 539 2066 arte
559 2033 709 2066 narrandi
730 2034 808 2065 haec
828 2033 906 2066 dicit
925 2033 978 2076 (de
994 2032 1066 2074 Lys.
1082 2043 1149 2074 cap.
1167 2033 1206 2065 18
1222 2044 1252 2074 p.
1267 2031 1333 2063 492
1341 2031 1398 2072 R):
1417 2034 1528 2073 οἴομαι

212 2088 251 2119 δὲ
271 2086 325 2119 καὶ
344 2087 401 2125 τὰς
420 2087 534 2129 τέχνας
553 2093 621 2119 τῶν
640 2088 759 2128 λόγων,
781 2087 818 2119 ἐν
838 2083 890 2125 αἷς
909 2089 1038 2128 εἴρηταί
1050 2087 1125 2128 (a)
1144 2085 1219 2127 περὶ
1240 2086 1422 2127 διηγήσεως
1441 2083 1530 2123 ἀξιό-

213 2143 327 2182 λογον,
346 2141 408 2172 οὐκ
427 2140 459 2180 ἐξ
479 2141 590 2173 ἄλλων
609 2147 712 2173 τινῶν
730 2143 857 2182 μᾶλλον
877 2140 896 2182 ἢ
915 2146 982 2172 τῶν
1001 2140 1065 2172 ὑπὸ
1082 2141 1213 2172 Λυσίου
1231 2143 1423 2181 γραφεισῶν
1441 2138 1528 2179 elin-

213 2229 346 2255 dentibus
365 2229 505 2255 exhibent.
535 2229 573 2255 At
587 2228 761 2255 Theodectes
775 2236 887 2262 quoque
901 2228 1064 2255 Isocrateus.
1094 2227 1230 2259 Concedo,
1251 2227 1299 2254 sed
1314 2226 1343 2253 in
1359 2225 1527 2252 narrationi·

214 2269 364 2295 virtutibus
389 2269 531 2303 proprium
556 2269 625 2295 fecit
643 2269 710 2302 iter,
733 2268 808 2302 quod
828 2270 860 2294 ut
878 2268 1013 2302 perpauci
1031 2268 1163 2294 videntur
1182 2267 1270 2294 secuti
1290 2275 1363 2299 esse,
1387 2266 1427 2292 sic
1445 2273 1527 2292 nemo

213 2317 308 2336 eorum
329 2310 404 2336 omni
424 2318 457 2336 ex
476 2310 566 2344 parte,
585 2318 703 2343 quorum
718 2309 824 2343 scripta
837 2317 888 2335 nos
903 2310 1039 2335 tenemus.
1068 2308 1199 2343 Vestigia
1212 2309 1324 2334 tantum
1338 2308 1491 2333 remanent.
