1566 2592
378 110 419 137 De
438 110 571 137 virtutum
591 110 703 137 dicendi
722 111 796 144 apud
816 111 956 138 Romanos
974 112 1092 138 ratione.
1344 112 1388 144 69

83 193 222 225 multum
240 193 352 225 valere.
380 190 430 223 Ita
452 191 537 224 enim
561 190 671 224 Cicero
696 192 822 223 illustre
846 193 994 233 exposuit
1019 192 1118 235 (Part.
1134 192 1205 235 20):
1229 193 1388 235 „Illustris

84 248 133 278 est
152 248 257 278 autem
272 245 383 287 oratio,
397 245 424 276 si
434 247 466 276 et
475 244 572 276 verba.
583 245 737 285 gravitate
750 245 872 276 delecta
887 249 1051 286 ponuntur
1066 249 1098 278 et
1112 248 1267 278 translata
1281 246 1389 288 (μετα-

84 298 202 342 φοραί)
229 301 261 331 et
287 298 449 340 superlata
476 298 686 340 (ὑπερβολαί)
707 300 739 329 et
767 298 806 329 ad
834 309 949 330 nomen
982 299 1132 331 adiuncta
1160 299 1326 343 (ἐπίθετα)
1356 303 1389 332 et

84 352 245 394 duplicata
263 351 390 394 (διπλῆ)
406 354 438 383 et
457 351 540 383 idem
561 351 778 394 significantia
798 350 1006 394 (συνώνυμα)
1022 355 1117 393 atque
1131 353 1170 384 ab
1184 355 1256 393 ipsa
1270 355 1389 386 actione

83 408 172 446 atque
186 405 357 437 imitatione
370 415 472 436 rerum
483 415 546 437 non
560 405 765 437 abhorrentia.
789 405 850 436 Est
863 406 945 437 enim
960 406 1034 437 haee
1044 417 1123 446 pars
1137 408 1296 448 orationis,
1310 418 1388 447 quae

81 469 146 491 rem
160 459 323 490 constituat
334 469 436 499 paene
449 461 520 490 ante
534 458 650 496 oculos;
670 458 698 489 is
713 458 797 490 enim
813 458 949 489 maxime
965 469 1075 490 sensus
1091 460 1270 502 attingitur,
1285 460 1340 492 sed
1355 463 1388 492 et

80 511 175 544 ceteri
193 513 301 543 tamen
320 514 352 543 et
370 512 508 543 maxime
527 522 616 543 mens
636 511 706 553 ipsa
729 512 849 543 moveri
869 512 1004 553 potest.“
1031 512 1093 553 Ea,
1112 523 1193 553 quae
1212 514 1299 554 typis
1319 525 1386 545 mu—

82 564 158 596 tatis
181 564 368 606 significavi,
392 565 432 596 ad
447 564 654 606 “ἐνάργειαν’,
675 564 801 606 qualem
821 565 875 596 alii
900 576 1028 606 quoque
1047 568 1193 598 auctores
1213 569 1386 608 exponunt,

78 617 226 649 videntur
236 618 402 659 pertinere.
422 617 612 650 Aristoteles
627 618 706 650 dicit
715 629 785 652 eam
796 619 859 660 πρὸ
871 618 1026 660 ὀμμάτων
1040 630 1107 651 rem
1123 630 1250 661 ponere,
1264 621 1385 661 posteri

79 670 248 702 definiunt:
263 669 332 702 ἔστι
348 670 377 702 δ’
395 671 547 713 ἐνάργεια
562 673 660 712 λόγος
674 670 731 703 ὑπ’
748 673 827 710 ὄψιν
842 670 921 714 (ὑπὸ
937 672 994 710 τὰς
1008 674 1180 714 αἰσθήσεις
1194 671 1328 714 Dionys.
1344 673 1384 705 H.

78 735 108 765 p.
119 724 184 756 482
192 724 233 767 R)
253 724 344 765 ἄγων
358 724 394 756 τὸ
411 725 618 767 δηλούμενον
632 724 806 767 (Anonym.
820 724 891 767 Seg.
904 724 952 756 HI
966 737 996 767 p.
1006 725 1070 757 369
1090 726 1129 758 of.
1143 725 1191 758 III
1206 727 1268 758 199
1277 726 1384 770 Sp.).¹)

78 776 187 809 Verba.
205 778 305 820 igitur
324 776 486 810 Ciceronis
505 778 679 810 ostendunt
699 778 873 819 ἐνάργειαν
892 778 926 810 in
946 789 983 810 ea
1001 781 1101 821 parte,
1125 790 1206 820 quae
1225 780 1383 812 illustrem

76 830 211 862 docebat
230 831 420 872 orationem,
438 842 456 862 a
474 831 564 862 fonte
584 831 652 862 eius
673 832 861 862 collocatam
888 842 965 863 esse.
973 831 998 873 5³)
1023 831 1141 869 Quanti
1165 834 1320 864 momenti
1340 834 1385 865 ibi

76 883 182 924 fuerit,
201 884 297 915 etiam
317 885 554 925 comparatione
573 894 646 916 cum
666 884 805 916 dilucido
825 885 981 925 probatur
1000 884 1086 927 (20):
1110 885 1187 926 „Est
1206 887 1290 918 enim
1310 887 1383 927 plus

76 936 240 978 aliquanto
259 937 383 969 illustre
402 948 497 978 quam
519 937 599 969 illud
618 937 801 969 dilucidum.
830 937 941 969 Altero
961 939 1014 980 fit,
1033 941 1069 970 ut
1088 939 1321 982 intellegamus,
1341 941 1384 972 al-

74 991 153 1031 tero,
172 992 208 1022 ut
233 990 339 1022 videre
362 989 585 1033 videamur.“³)
614 990 676 1022 Sed
695 991 821 1022 etiamsi
839 1002 912 1032 pars
938 1002 1055 1033 magna
1074 992 1208 1023 illustris
1229 993 1383 1025 orationis

75 1045 124 1074 est
143 1042 306 1085 ἐνάργεια,
332 1045 438 1075 tamen
463 1046 589 1085 praeter
608 1055 677 1075 eam
698 1044 736 1075 de
755 1044 861 1075 verbis
888 1044 1044 1087 eligendis
1064 1047 1095 1076 et
1114 1045 1154 1076 ad
1179 1046 1382 1088 magnificen-

74 1096 153 1128 tiam
172 1096 255 1137 aptis
270 1097 316 1127 ita.
334 1096 455 1128 dictum
470 1099 527 1138 est,
545 1099 582 1128 ut
601 1097 733 1128 dubium
753 1108 818 1129 non
833 1097 883 1139 sit,
900 1097 977 1138 quin
996 1099 1240 1139 μεγαλοπρεπές
1259 1100 1381 1131 intelle-

73 1159 148 1191 gere
177 1149 356 1182 debeamus.
385 1149 476 1188 Quod
502 1150 597 1182 etiam
622 1161 661 1181 ex
688 1151 896 1192 responsione
921 1150 1055 1183 duarum
1079 1153 1219 1193 partium
1249 1155 1381 1184 ornatus

73 1203 289 1245 cognoscitur:
317 1203 560 1243 μεγαλοπρεπές
585 1205 616 1235 et
647 1203 711 1245 ἡδύ
735 1204 878 1235 diversae
902 1206 935 1235 et
964 1205 1056 1246 quasi
1085 1208 1245 1237 extremae
1273 1209 1380 1247 partes

72 1258 161 1298 sunt,
180 1267 261 1298 quae
280 1256 363 1288 inter
383 1267 416 1288 se
434 1257 558 1298 reliqua
576 1256 758 1296 includunt,
784 1257 848 1298 ἡδύ
868 1259 900 1288 et
920 1257 1055 1299 ἐναργές
1079 1259 1188 1290 orbem
1212 1270 1276 1290 non
1297 1271 1381 1291 oom-

23 1306 26 1308 ’
72 1308 264 1350 plectuntur.
292 1309 404 1351 Itaque
432 1309 671 1352 Geigenmiiller
698 1310 874 1342 laudandus
899 1313 960 1352 est,
990 1311 1044 1352 qui
1073 1313 1106 1343 in
1131 1311 1379 1349 Quaestionibus

72 1361 279 1404 Dionysianis
298 1374 327 1404 p.
343 1362 385 1394 29
406 1365 517 1395 contra
536 1362 688 1395 Causeret
703 1354 822 1406 (E‘tude
842 1375 897 1395 sur
911 1364 942 1395 la
960 1365 1077 1407 langue
1092 1365 1174 1397 dela
1193 1366 1378 1407 rhetorique

72 1415 151 1447 dans
179 1414 327 1458 Ciceron)
356 1416 523 1457 disputans
548 1416 742 1448 Partitiones
771 1419 856 1448 reete
885 1417 1126 1459 interpretatur,
1154 1429 1226 1450 cum
1254 1419 1378 1451 illustre

74 1466 192 1499 Graece
211 1471 376 1500 convertat
395 1469 646 1511 μεγαλοπρεπές.
674 1469 763 1501 Idem
782 1470 959 1511 probabile,
979 1471 1064 1511 quod
1080 1471 1112 1502 in
1127 1472 1302 1504 luminibus
1322 1484 1378 1504 nu-

72 1522 221 1562 meratur,
239 1524 324 1554 recte
343 1522 467 1554 rettulit
481 1523 521 1554 ad
539 1523 723 1564 πρέποντος
741 1523 919 1555 doctrinam
936 1523 986 1566 (τὸ
1006 1525 1154 1556 πιθανὸν
1174 1524 1209 1557 ἐκ
1227 1530 1288 1557 τοῦ
1302 1525 1377 1567 πρέ-

70 1585 194 1612 ποντος
211 1573 345 1607 Aristot.
365 1574 457 1607 Rhet.
472 1575 520 1607 III
538 1575 717 1619 1414a28).

161 1626 230 1658 Hac
248 1628 349 1670 igitur
368 1628 477 1660 tabula
495 1629 578 1660 ratio
598 1629 791 1672 depingitur,
811 1641 892 1671 quae
910 1631 995 1662 inter
1009 1630 1222 1672 Theophrasti
1242 1632 1375 1664 virtutes

70 1682 102 1711 et
120 1679 336 1712 Partitionum
358 1681 479 1714 lumina
498 1682 651 1714 orationis
670 1682 858 1715 intercedat:

255 1742 447 1775 Partitiones
734 1745 973 1787 Theophrastus

254 1795 544 1839 (Commemoratur
554 1798 704 1830 Latinum
733 1797 927 1841 ἑλληνισμός
1234 1798 1247 1825 ἲ

254 1850 317 1886 (18)
328 1850 383 1881 sed
393 1861 458 1882 non
470 1851 554 1882 inter
565 1851 702 1894 lumina)

252 1902 426 1935 dilucidum
730 1905 833 1947 σαφές

181 1981 187 1987 .
252 1956 347 1988 breve
873 1961 1037 2002 συντομία
1044 1959 1226 1992 Stoicorum

86 1991 207 2066 lgzsnla
252 2009 418 2050 probabile
732 2012 860 2054 πρέπον
1257 2014 1372 2055 ἀρεταί

252 2061 376 2095 illustre
732 2066 975 2108 μεγαλοπρεπές
1178 2096 1185 2106 ,

252 2125 348 2147 suave
732 2119 797 2160 ἡδύ
983 2073 995 2156 }
1003 2103 1184 2136 κατασκευη

156 2193 181 2225 1)
200 2192 241 2218 Ex
259 2193 364 2227 multis,
383 2195 432 2228 qui
450 2195 510 2222 fuse
530 2196 678 2231 ἐνάργειαν
697 2197 846 2231 explicant,
866 2197 951 2225 affero
970 2200 1033 2232 περὶ
1046 2196 1151 2234 ’Ὑψους
1170 2208 1193 2226 e.
1210 2203 1251 2227 15.

155 2233 182 2265 2)
201 2231 242 2258 De
261 2233 326 2259 sede
347 2233 491 2268 ἐναργείας
509 2235 538 2261 in
557 2237 616 2263 arte
635 2237 732 2269 λέξεως
751 2237 890 2264 dubitatio
910 2239 971 2265 erat
990 2239 1084 2270 Quint.
1102 2239 1163 2266 VIII
1177 2243 1250 2272 3‚61.

152 2273 178 2305 3)
199 2271 323 2299 Similem
338 2275 575 2308 comparationem
598 2277 705 2303 invenis
721 2278 795 2312 apud
820 2278 913 2310 Quint.
929 2279 946 2306 l.
958 2287 979 2305 o.
996 2279 1069 2314 (VIII
1084 2283 1108 2313 3,
1123 2282 1178 2314 61):
1200 2280 1289 2314 „Quia
1304 2280 1367 2314 plus
