1566 2592
0 740 2 742 -
0 557 9 724 *vv-2*
0 536 2 543 ἡ

387 145 427 171 De
446 144 583 171 virtutum
602 143 714 170 dicendi
734 152 797 170 cum
815 143 965 178 generibus
985 144 1156 171 confusione.
1366 144 1430 175 107

114 228 180 269 τὴν
199 228 326 260 οἰκείαν
344 226 555 267 ἀπαγγελίαν.
563 224 588 268 ¹)
619 225 667 256 Ex
679 225 819 256 ‘decoro'
832 225 932 266 igitur
941 225 1199 266 Theophrastum
1220 225 1430 267 explicavisse

114 281 157 313 τὸ
176 281 307 322 ψυχρόν
326 277 565 321 intellegitur.⁷)
595 277 657 310 Sed
677 278 731 319 qui
750 278 796 309 ita
815 278 940 315 definit,
960 289 1037 309 num
1057 283 1260 320 χαρακτῆρα,
1281 279 1371 310 cuius
1390 290 1431 311 ne

117 328 237 366 ‘nomen
257 333 384 375 quidem
405 331 552 373 occurrit,
575 332 608 362 in
628 332 736 363 animo
755 331 854 362 habet
878 332 1078 363 describere?
1105 332 1212 373 Atque
1236 333 1269 363 in
1292 337 1430 374 ψυψροῦ

118 389 212 429 parte
231 387 293 418 alia
313 384 485 428 quoque3),
510 396 590 426 quae
610 385 738 416 disserit
758 384 954 425 Demetrius,
974 384 1189 426 Theophrasti
1213 396 1324 427 sapere
1344 386 1432 427 inge-

117 441 210 472 nium
230 450 324 471 nemo
343 439 526 480 mirabitur,
546 450 584 470 ex
605 438 718 470 ceteris
738 439 844 469 autem
864 438 969 469 tribus
990 438 1115 470 vitiosis
1140 439 1311 480 generibus
1330 450 1430 470 unum

115 494 247 534 saltem,
267 492 390 524 scilicet
408 492 445 524 τὸ
465 491 576 533 ξηρόν,
595 492 635 523 ad
651 491 924 532 Theophrastum,
944 502 1137 532 quamquam
1157 503 1222 523 non
1241 493 1432 533 appellatur,
1453 498 1454 502 ’
1484 490 1496 499 “

119 546 320 578 referendum
346 547 426 587 puto
446 556 524 577 esse.
557 544 642 576 Nam
662 555 734 577 cum
753 544 850 576 verba
869 547 938 576 tum
958 546 1029 586 ipsa
1052 545 1225 576 definiendi
1249 545 1331 577 ratio
1352 545 1430 576 adeo
1455 583 1457 585 ι

115 599 279 632 consentit
294 610 367 630 cum
382 599 510 640 frigido,
524 600 560 630 ut
574 598 614 630 ad
633 598 768 630 eundem
787 598 987 629 inventorem
1007 598 1102 629 ambo
1121 598 1224 629 redire
1239 598 1305 630 veri
1326 598 1431 629 simile

115 653 171 685 sit.
201 652 292 684 Sicut
319 652 450 694 ψυχρὸν
479 652 716 693 ὑπερβάλλει
745 652 805 693 τὴν
834 652 960 683 οἰκείαν
989 651 1234 692 ἀπαγγελίαν
1263 652 1308 683 ita
1334 651 1431 693 ,,περὶ

115 708 182 748 τήν
201 705 290 744 λέξιν
308 707 434 747 γίνεται
454 707 490 737 τὸ
515 705 630 746 ξηρόν,
651 705 731 737 ὅταν
754 710 888 746 πρᾶγμα
911 704 1007 746 μέγα
1032 711 1215 746 σμικροῖς
1239 705 1432 746 ὀνόμασιν

117 759 346 801 ἀπαγγελζΫ*
371 758 476 801 (237).
505 758 621 790 Omnia
643 758 722 799 fere,
751 769 831 800 quae
859 762 1038 800 sequuntur
1061 758 1094 789 in
1119 759 1222 800 capite
1251 758 1366 799 ξηροῦ,
1392 770 1432 790 ex

116 813 236 844 decoro
264 812 367 854 petita
395 811 510 855 sunt.⁴=)
540 813 646 853 Atque
670 812 784 843 vitium
809 814 952 853 ψυχρόν,
972 823 1036 853 quo
1061 812 1231 853 peccatis,
1255 812 1311 853 qui
1334 812 1432 843 nimis

118 866 318 898 ornamentis
337 866 493 907 indulget,
512 865 558 897 ita
576 867 625 896 est
644 866 841 897 contrarium
861 864 963 906 ξηροῦ
983 865 1063 896 vitio
1084 865 1161 905 eius,
1181 866 1236 906 qui
1251 877 1364 906 parum
1380 877 1432 897 or-

115 919 280 951 namentis
301 919 411 960 utitur,
437 920 474 950 ut
495 918 642 950 consulto
668 919 753 950 facta
773 918 917 950 videatur
936 918 1014 950 haec
1041 919 1122 950 ratio
1143 921 1174 950 et
1194 919 1334 960 genuina
1353 930 1431 951 esse.
1461 942 1473 954 f

121 971 304 1014 Utrumque
323 972 387 1004 iam
407 972 518 1014 attigit
536 972 729 1004 Aristoteles
748 971 843 1003 Rhet.
857 971 905 1003 III
919 972 950 1013 2,
967 972 1119 1003 1404b4:
1143 971 1197 1003 καὶ
1221 974 1300 1013 μήτε
1324 983 1433 1004 ταπει-

121 1026 186 1067 νὴν
209 1024 340 1068 (ξηρόν)
363 1027 443 1067 μήτε
467 1024 549 1067 ὑπὲρ
574 1026 610 1057 τὸ
631 1025 755 1066 ἀξίωμα
780 1025 933 1067 (ψυχρόν,
954 1024 1088 1057 Aristot.
1105 1025 1198 1056 Rhet.
1213 1024 1261 1056 III
1276 1024 1325 1068 3),
1349 1025 1434 1056 ἀλλὰ

117 1078 324 1119 πρέπουσαν.
353 1079 454 1116 Quam
474 1080 630 1110 rationem
651 1079 799 1121 magistri
818 1078 1071 1120 Theophrastus,
1090 1081 1126 1109 ut
1141 1078 1232 1119 solet,
1252 1077 1433 1121 servavit⁵)‚

119 1132 179 1164 sed
197 1133 294 1164 latius
313 1132 486 1174 explicavit
506 1132 686 1164 definiendo
705 1134 801 1173 atque
821 1132 965 1163 addendo
985 1132 1123 1163 nomine.

213 1185 259 1218 Ut
278 1186 311 1217 in
330 1186 381 1216 his
401 1186 526 1217 duobus
545 1185 671 1217 vitiosis
691 1185 860 1227 generibus
880 1185 1095 1226 Theophrasti
1115 1186 1291 1218 auctoritas
1312 1186 1434 1226 perspi-

120 1239 215 1279 citur,
234 1240 280 1270 ita
296 1239 328 1270 in
347 1239 479 1280 reliquis
499 1239 624 1270 duobus
645 1239 727 1270 ratio
747 1240 850 1270 multo
870 1239 1037 1270 recentior.
1067 1238 1154 1276 Quae
1169 1250 1234 1270 non
1249 1239 1354 1270 solum
1370 1240 1433 1270 exi-

119 1291 196 1323 liter
223 1292 394 1323 admodum
424 1292 606 1323 Demetrius
625 1292 791 1333 describit,
819 1292 874 1323 sed
898 1293 995 1324 etiam
1024 1292 1188 1324 vocabulis
1212 1294 1354 1334 appellat
1377 1304 1434 1334 pa-

121 1356 195 1376 rum
205 1345 337 1377 idoneis.
357 1345 450 1383 Quod
461 1348 636 1387 γλαφυροῦ
647 1350 850 1387 χαρακτῆρος
864 1345 1068 1387 παρέκβασιν
1082 1346 1228 1377 nominat
1243 1348 1434 1386 κακόζηλον,

122 1399 193 1440 ipse
212 1401 324 1430 auctor
343 1401 486 1430 excusat:
511 1398 658 1439 ὀνομάζω
679 1398 716 1430 δὲ
735 1399 838 1430 αὐτὸν
857 1403 906 1442 τῷ
926 1402 1044 1441 κοινῷ
1065 1399 1228 1439 ὀνόματι
1253 1400 1434 1440 κακόζηλον

121 1450 228 1494 (186).
257 1451 360 1483 Multo
381 1452 466 1483 enim
491 1451 588 1483 latius
615 1451 697 1483 hanc
722 1463 832 1483 vocem
859 1454 968 1493 patere
998 1452 1127 1492 sciebat,
1156 1463 1249 1493 quam
1271 1452 1311 1483 ad
1337 1452 1433 1484 unius

120 1505 250 1547 generis
277 1504 489 1545 παρέκβασιν.
523 1504 607 1542 Quin
635 1505 731 1536 etiam
752 1506 821 1546 ipse
848 1505 911 1537 alio
940 1505 1042 1537 libelli
1062 1506 1133 1537 loco
1157 1507 1337 1546 κακόζηλον
1361 1516 1433 1537 cum

215 1593 240 1625 1)
259 1592 340 1618 Unde
366 1592 536 1626 perspicitur
559 1592 783 1626 Theophrastum
802 1592 831 1618 in
858 1592 1019 1619 definitione
1043 1592 1115 1625 λέξιν
1139 1593 1228 1619 solam
1253 1593 1435 1627 comprehen—

122 1632 200 1665 dere,
218 1632 377 1658 Demetrius
397 1640 430 1658 ex
449 1640 500 1658 sua
519 1632 627 1659 ratione
647 1632 758 1658 addidit
777 1632 909 1659 διάνοιαν
929 1635 943 1664 ξ
961 1636 1010 1659 115

213 1674 239 1705 2)
259 1672 319 1703 Qua
334 1681 363 1698 re
378 1672 521 1705 probatur,
536 1672 610 1705 quod
625 1672 660 1699 de
674 1672 814 1706 positione
829 1672 984 1706 πρέποντος
999 1681 1082 1706 supra.
1097 1673 1204 1699 dictum
1220 1674 1263 1699 est
1277 1674 1313 1707 (p.
1329 1676 1362 1699 60
1370 1675 1430 1706 sq).

124 1713 199 1738 Ante
218 1712 336 1747 ψυχρόν,
353 1712 427 1745 quod
443 1714 486 1739 est
500 1712 735 1746 μεγαλοπρεπείας
751 1713 856 1745 vitium„
876 1721 987 1739 necesse
1007 1715 1050 1739 est
1069 1713 1292 1747 Theophrastum
1312 1713 1436 1747 explica-

124 1752 206 1784 visse,
216 1751 308 1785 qualis
324 1754 398 1778 esset
413 1752 525 1778 οἰκεία
541 1752 702 1786 ἀπαγγελία.
723 1752 828 1779 Tamen
843 1761 1020 1786 nequaquam
1035 1753 1102 1779 licet
1112 1753 1238 1780 conicere
1253 1753 1363 1788 ψυχρόν
1378 1762 1435 1779 non

122 1790 347 1828 μεγαλοπρεπείᾳ
367 1793 416 1818 sed
435 1791 569 1824 πρέποντι
589 1792 748 1826 oppositum
768 1801 837 1825 esse,
856 1795 888 1819 ut
907 1793 995 1820 voluit
1005 1793 1127 1826 Schmid,
1139 1794 1208 1819 Mus.
1221 1794 1308 1820 Rhen.
1320 1796 1362 1826 49,
1375 1796 1434 1820 149.

125 1832 308 1859 Fra-*cedenti
327 1833 401 1858 enim
421 1832 576 1865 πρέποντος
594 1833 697 1859 virtute
716 1833 926 1867 Theophrastus
942 1833 978 1859 ad
993 1836 1110 1866 quartae
1129 1834 1240 1860 virtutis
1259 1833 1435 1867 παρέκβασιν

125 1871 315 1899 definiendam
334 1874 410 1899 certe
429 1873 523 1906 potuit
541 1872 592 1898 uti.

217 1914 242 1946 3)
263 1913 382 1938 Maxime
403 1915 519 1946 119sqq.
548 1913 641 1938 Etiam
664 1913 844 1940 Aristotelica
867 1922 917 1947 per
936 1914 1160 1948 Theophrastum
1183 1915 1252 1948 puto
1279 1916 1395 1948 accepta
1418 1922 1436 1940 a

128 1951 268 1978 Demetrio
288 1960 354 1978 esse.

216 1994 243 2022 4)
262 1992 304 2018 Ita,
318 1995 382 2019 237:
402 1991 462 2019 ἀλλ’
475 1993 505 2019 ἐν
520 1993 648 2027 μεγάλοις
662 1993 710 2019 καὶ
729 1992 866 2026 πρέπουσι
884 1996 922 2029 τῷ
941 1993 1114 2029 ὑποκειμένῳ
1133 1994 1274 2028 πράγματι
1289 1993 1436 2028 (ὀνόμασιν

125 2031 212 2065 ἐχρῆν
240 2031 345 2066 λέγειν).
375 2035 426 2058 238
455 2033 490 2059 de
518 2033 732 2067 compositione:
759 2033 776 2067 ἡ
796 2033 848 2067 γὰρ
872 2034 1002 2067 ἀποκοπὴ
1022 2035 1070 2060 καὶ
1093 2034 1219 2068 ἀπρεπὴς
1242 2034 1290 2060 καὶ
1309 2034 1435 2067 ἄκαιρος.

125 2070 337 2105 Theophrastus
352 2074 449 2098 contra
464 2073 654 2106 sophistarum
669 2075 698 2099 et
713 2073 853 2100 rhetorum
873 2075 1034 2102 sententias.
1056 2075 1103 2108 qui
1119 2074 1244 2100 eiusdem
1259 2074 1299 2101 rei
1319 2074 1436 2108 αὔξησιν

126 2112 158 2137 et
181 2111 292 2145 μείωσιν
311 2112 452 2145 specimen
471 2121 532 2139 esse
551 2113 690 2139 oratoriae
708 2113 853 2140 facultatis
879 2114 1076 2148 opinabantur.
1102 2114 1209 2141 docuit:
1229 2114 1260 2141 τὸ
1279 2113 1386 2147 πρέπον
1405 2115 1436 2141 ἐν

128 2151 214 2177 παντὶ
232 2150 372 2184 πράγματι
392 2153 563 2185 φυλακτέον,
590 2151 666 2179 τοῦτ’
682 2153 738 2179 ἔστι
763 2153 929 2187 προσφόρως
957 2154 1152 2188 ἑρμηνευτέον,
1180 2154 1218 2180 τὰ
1246 2154 1304 2187 μὲν
1333 2153 1435 2188 μικρὰ

128 2195 266 2225 μικρῶς,
285 2190 324 2217 τὰ
343 2191 469 2225 μεγάλα
489 2192 523 2218 δὲ
543 2193 692 2227 μεγάλως
711 2194 792 2226 (120).

219 2232 245 2265 5)
265 2230 390 2257 Schmid:
412 2231 462 2257 Rh.
479 2231 548 2258 Mus.
564 2235 669 2264 49,149
689 2232 874 2267 Theophrasti
893 2233 992 2267 μικτὴν
1012 2233 1084 2265 λέξιν
1102 2234 1177 2267 apud
1193 2234 1365 2260 Demetrium
1380 2233 1436 2259 sibi

128 2270 239 2297 videtur
257 2271 420 2305 repperisse,
440 2272 490 2297 sed
508 2271 588 2304 falso,
608 2273 642 2298 de
661 2281 726 2299 vera
745 2273 891 2306 μεσότητος
908 2274 1134 2308 Theophrasteae
1153 2274 1261 2300 ratione
1281 2274 1437 2307 disputavit

128 2310 324 2337 Hendrickson
343 2310 404 2337 loco
423 2311 481 2337 iam
500 2320 584 2345 saepe
602 2311 719 2338 laudato
739 2313 781 2346 (A.
796 2313 820 2339 J.
835 2313 885 2339 Ph.
900 2313 994 2347 XXV).
