1566 2592
212 108 255 141 60
802 111 894 147 Caput
908 112 941 139 V.

606 191 631 236 i)
652 192 690 225 de
709 193 822 236 figuris
841 193 897 236 IX,
918 194 1013 227 1—3.

594 244 630 289 k)
651 246 689 278 de
708 247 944 289 compositione
959 250 1073 280 ornata
1086 264 1122 276 ev
1135 248 1211 292 περὶ
1225 249 1418 288 συνθέσεως
1437 250 1481 283 lX
1497 251 1531 293 4,

299 351 378 384 Pars
396 352 436 384 B:
571 385 575 389 ,
654 300 670 331 1
722 299 793 332 130.

505 406 553 438 De
572 407 726 440 variando
746 410 863 454 ornatu
882 407 927 440 IX
947 409 978 449 4,
995 409 1180 441 131—147.

299 468 486 510 Appendix:
505 469 602 501 Liber
621 469 650 501 X
669 469 718 502 De
737 471 912 502 exercenda
932 471 1123 503 elocutionis
1144 471 1305 504 facultate.

298 566 407 608 Atque
435 567 514 599 haec
543 568 672 609 quidem
699 569 739 600 ad
768 571 918 600 ornatum
947 570 1119 610 pertinent.
1155 570 1239 612 Apte
1268 571 1393 603 dicendi
1422 572 1527 604 virtus

209 619 366 663 (πρέπον)
386 621 533 662 sequitur
551 621 713 653 undecimi
729 622 803 654 libri
819 622 923 654 iuitio.
953 622 1077 661 Quibus
1093 623 1188 655 rebus
1203 623 1362 656 absolutis
1376 624 1525 667 elocutio,

208 675 304 706 tertia
324 675 403 706 artis
422 674 601 706 rhetoricae
620 686 704 716 pars,
723 675 763 707 ad
778 676 875 707 finem
890 676 1044 717 perducta
1063 679 1119 708 est.
1148 677 1348 720 Adiungitur
1361 680 1526 720 memoria,

208 727 322 759 deinde
340 728 571 769 pronuntiatio.
600 727 741 760 Videsne
761 729 953 761 elocutionis
968 729 1147 762 doctrinam
1163 730 1301 772 incipere
1315 742 1334 763 a
1349 731 1523 764 virtutibus

160 823 161 827 Ἰ
207 781 346 822 dicendi,
370 792 442 813 cum
463 782 638 814 virtutibus
658 782 823 814 desinere?
850 782 903 814 An
922 783 1004 815 falso
1029 784 1251 816 contendimus
1275 795 1294 815 a
1312 784 1462 818 Tulliana
1483 786 1525 818 ad

205 835 336 866 tertium
357 834 406 867 De
425 834 477 866 Or.
496 835 615 867 librum
636 835 782 868 adhibita
800 837 924 868 ratione
945 836 1059 875 λέξεως
1079 836 1214 870 Fabium
1234 849 1299 870 non
1318 837 1467 870 differre?

295 892 357 924 Per
376 892 539 925 Ciceronis
562 894 662 936 igitur
680 893 799 926 librum
821 894 868 926 De
888 894 939 926 Or.
955 894 1075 927 Fabius
1094 895 1134 927 ad
1153 895 1413 937 Theophrastum
1431 896 1525 929 redit.

206 945 269 978 Sed
293 946 394 987 ipsius
418 946 626 988 Peripatetici
650 947 839 989 philosophi
863 948 966 980 libros
990 959 1056 980 non
1079 949 1228 981 versavit.
1266 949 1420 982 Plurimis
1443 950 1525 982 locis

206 1000 301 1031 etiam
329 1000 362 1031 in
388 1002 480 1042 parte
508 999 584 1042 περὶ
612 1000 728 1039 λέξεως
755 1002 926 1033 confitetur
953 1013 986 1033 se
1011 1001 1175 1034 Ciceronis
1201 994 1394 1035 auctoritate
1419 1002 1523 1046 niti.¹)

205 1051 262 1084 Sui
282 1053 361 1084 iuris
381 1064 447 1085 non
467 1056 515 1086 est
529 1054 691 1096 putandus
707 1054 840 1096 eiusque
857 1055 1079 1087 testimonium
1094 1056 1221 1088 clientis
1236 1058 1284 1088 est
1299 1067 1358 1098 pro
1373 1058 1523 1099 patrono.

203 1106 325 1138 Tamen
345 1107 441 1139 etiam
462 1109 501 1139 ad
521 1107 736 1150 Theophrasti
761 1108 939 1141 doctrinam
966 1109 1164 1151 probandam
1189 1120 1363 1142 consensus
1387 1109 1442 1142 ille
1465 1110 1523 1142 ali-

204 1160 282 1202 quid
308 1161 414 1193 valere
440 1161 588 1193 arbitror.
627 1160 662 1193 Si
687 1161 850 1194 Ciceronis
874 1163 958 1195 ratio
983 1163 1174 1195 elocutionis
1199 1163 1237 1195 ab
1261 1163 1333 1205 ipso
1356 1165 1413 1195 aut
1437 1166 1522 1196 esset

204 1214 350 1246 confecta
369 1217 426 1246 aut
445 1215 485 1246 ab
505 1215 577 1247 aliis
597 1215 782 1248 auctoribus
803 1227 997 1258 quamquam
1017 1217 1201 1258 adsumpta,
1220 1219 1327 1249 tamen
1346 1219 1470 1250 mutata
1489 1220 1522 1250 et

202 1268 235 1299 in
257 1268 447 1300 deteriorem
468 1271 591 1311 partem
612 1271 696 1301 esset
715 1269 851 1311 detorta,
870 1272 906 1302 ut
925 1270 1073 1302 nonnulli
1089 1270 1212 1312 volunt,
1231 1270 1327 1302 homo
1343 1270 1377 1302 in
1391 1270 1520 1313 scriptis

202 1321 371 1354 rhetoricis
402 1323 590 1354 tritissimus
622 1334 726 1365 neque
749 1323 915 1356 doctrinae
938 1324 1035 1355 modo
1059 1325 1172 1366 plenus
1197 1324 1252 1355 sed
1276 1323 1374 1356 etiam
1398 1324 1520 1357 iudicio

201 1375 352 1417 prudens,
371 1378 408 1407 ut
427 1378 494 1408 erat
510 1376 640 1418 Fabius,
658 1377 821 1418 propriam
837 1376 936 1409 Tullii
956 1378 1041 1409 viam
1061 1378 1150 1409 nulla
1166 1378 1346 1410 differentia
1366 1378 1521 1410 adnotata

201 1440 267 1460 non
291 1432 375 1461 esset
399 1432 536 1462 secutus.
568 1429 672 1461 Immo
698 1441 772 1462 vero
798 1429 1035 1469 Quintilianum
1060 1432 1115 1472 qui
1139 1431 1233 1474 legit,
1258 1442 1346 1472 eum,
1371 1431 1520 1473 quamvis

201 1483 379 1515 verecunde
398 1483 485 1514 Tulli
509 1484 697 1515 memoriam
717 1484 811 1526 colat,
830 1486 938 1516 tamen
959 1485 1013 1516 ubi
1034 1485 1088 1516 hic
1108 1496 1126 1516 a
1145 1484 1309 1516 communi
1325 1486 1394 1516 arte
1409 1487 1441 1517 et
1454 1485 1518 1517 usi-

201 1536 278 1567 tatis
298 1537 479 1578 praeceptis
499 1537 595 1579 longe
615 1537 722 1578 distat,
742 1538 994 1570 controversiam
1013 1538 1125 1570 afferre
1145 1538 1381 1570 animadvertit.

289 1594 339 1626 Ita
358 1595 458 1637 igitur
476 1606 527 1627 res
547 1605 580 1627 se
599 1595 709 1636 habet,
734 1597 770 1627 ut
789 1595 1008 1633 Quintilianus
1027 1596 1169 1628 Tullium
1190 1596 1302 1628 ducem
1323 1598 1451 1628 secutus
1475 1596 1519 1628 sit

199 1647 238 1678 ad
259 1658 369 1679 eorum
389 1647 627 1679 institutionem
648 1647 778 1689 λέξεως,
801 1649 855 1690 qui
876 1649 1070 1681 ‘inventores
1091 1653 1166 1681 sunt
1185 1650 1297 1682 harum
1318 1660 1395 1682 sane
1413 1650 1517 1682 minu·

199 1703 304 1732 tarum
324 1702 453 1732 rerum'.
483 1701 658 1743 Propterea
679 1701 863 1734 Stoicorum
885 1703 1032 1743 quintam
1052 1703 1205 1736 virtutem
1226 1704 1407 1745 συντομίας
1426 1713 1516 1746 prae-

199 1754 300 1795 teriit,
332 1754 461 1796 πρέπον
493 1757 601 1786 autem
636 1766 708 1786 cum
738 1755 846 1787 Tullio
880 1767 938 1787 suo
973 1759 1119 1797 quartam
1147 1757 1300 1789 virtutem
1333 1756 1517 1789 numeravit

199 1807 258 1850 (XI
277 1807 373 1850 1,1),
403 1819 497 1850 quam
522 1808 765 1850 Theophrastus
795 1820 858 1850 quo
883 1809 955 1842 loco
983 1810 1142 1852 posuerit,
1171 1810 1309 1852 cognitis
1338 1809 1515 1842 Aristotele

198 1860 380 1903 Stoicisque
400 1862 462 1894 iam
482 1865 609 1903 tempus
629 1864 678 1894 est
697 1862 923 1894 demonstrare.

289 1919 321 1951 Si
347 1921 431 1952 enim
457 1920 598 1951 Tulliani
623 1920 767 1952 Oratoris
792 1920 1011 1964 testimonioff)
1038 1921 1241 1963 confidimus,
1270 1921 1515 1963 Theophrastus

199 1976 347 2015 quartam
372 1974 525 2005 virtutem
549 1974 731 2006 numeravit
753 1976 916 2015 ornatum,
940 1973 1051 2007 Cicero
1070 1974 1119 2006 De
1140 1974 1192 2006 Or.
1212 1975 1303 2007 illum
1324 1975 1420 2007 tertio
1439 1975 1512 2008 loco

197 2027 320 2069 posuit,
349 2027 382 2058 in
402 2029 551 2069 quartum
571 2028 702 2060 recessit
725 2027 852 2069 πρέπον
877 2026 1032 2071 (aptum),
1060 2028 1146 2070 quod
1166 2027 1407 2070 Theophrastus
1431 2030 1513 2061 teste

197 2079 332 2112 Oratore
352 2081 449 2112 tertio
469 2081 541 2113 loco
562 2080 684 2112 habuit.

286 2134 376 2166 Adeo
396 2134 475 2166 haec
494 2134 643 2166 Tulliana
662 2134 847 2175 πρέποντος
870 2135 989 2176 positio
1015 2135 1149 2176 probata
1174 2135 1365 2176 quibusdam
1390 2137 1452 2177 est,
1474 2139 1513 2167 ut

288 2250 312 2282 1)
333 2248 374 2275 Ne
394 2249 495 2283 longus
515 2249 575 2281 sim,
595 2249 659 2275 vide
678 2249 800 2276 indicem
820 2249 946 2276 Meisteri
965 2249 1084 2276 editioni
1104 2249 1254 2276 adiectum.

287 2292 311 2321 2)
332 2289 387 2316 Cic.
405 2289 448 2315 Or.
467 2292 499 2315 79
519 2289 553 2316 ef.
573 2297 659 2323 supra
678 2297 740 2323 cap.
755 2289 781 2316 11
800 2299 826 2323 p.
843 2292 930 2323 Ssqq.
950 2292 987 2324 (p.
1006 2293 1037 2316 12
1058 2292 1087 2317 et
1108 2292 1158 2322 16).
