1566 2592
180 151 222 184 26
767 149 860 184 caput
878 149 912 176 11.

180 235 250 276 pita
273 233 340 265 eius
368 232 576 265 enumeravit.
609 231 714 264 Alteri
737 231 826 264 laudi
849 231 1091 274 perspicuitatis
1114 230 1287 272 respondet
1314 241 1432 263 nomen
1455 230 1494 264 τὸ

181 287 295 330 σαφές,
313 287 428 319 tertiae
448 286 555 318 decori
573 285 661 317 laudi
680 285 761 318 illud
780 285 940 326 πιθανόν,
959 285 1046 326 quod
1065 287 1243 317 extremum
1268 284 1395 327 legitur.
1423 283 1496 316 Hoc

179 341 266 373 enim
286 341 320 373 in
339 342 446 373 vetere
469 339 637 371 dumtaxat
659 343 727 371 arte
751 349 824 371 cum
848 339 963 370 decoro
987 338 1193 381 coniunctum
1219 339 1296 370 erat.
1306 337 1332 380 ¹)
1359 337 1496 369 Restant

181 394 266 436 apud
286 393 503 436 Porphyrium
523 394 559 426 τὸ
578 392 824 435 μεγαλοπρεπές
843 394 876 424 et
894 393 931 424 τὸ
950 392 1024 433 ἡδύ,
1046 403 1128 433 quae
1142 392 1228 423 utin
1246 402 1343 423 unam
1363 392 1496 423 ornatus

180 448 308 480 laudem
328 447 564 489 contrahamus,
584 449 615 478 et
633 457 768 478 numero
789 448 943 488 quattuor
961 445 1091 477 laudum
1111 445 1309 487 impellimur
1323 446 1355 476 et
1369 444 1409 476 ab
1424 445 1495 486 ipso

182 501 335 534 Cicerone
355 501 577 542 admonemur,
601 500 657 542 qui
683 510 748 531 non
767 499 872 531 solum
896 498 1008 531 multis
1032 499 1113 531 locis
1137 500 1325 530 ornamenta
1348 497 1497 530 distinxit

181 556 216 587 in
235 566 281 597 ea,
304 566 386 596 quae
413 553 574 596 voluptati
598 556 630 586 et
658 553 810 585 suavitati
838 554 984 595 prosunt,
1011 554 1043 584 et
1067 563 1112 594 ea,
1141 563 1222 593 quae
1249 551 1442 594 gravitatem
1464 552 1497 583 et

182 608 455 652 magnificentiam
476 605 664 650 efficiunt2),
684 606 737 638 sed
758 607 856 638 etiam
876 607 933 638 illo
954 605 1101 638 Orator-is
1120 605 1203 646 loco,
1221 616 1295 637 cum
1313 605 1418 637 tribus
1435 615 1496 647 pro

181 675 246 695 una
265 662 359 695 laude
378 664 511 694 ornatus
530 661 716 693 nominibus
736 662 893 701 uteretur,
920 659 1179 701 Theophrastum
1203 658 1287 691 hanc
1308 659 1462 690 virtutem
1479 668 1498 690 e

182 716 330 759 pluribus
358 715 504 757 partibus
528 714 748 756 composuisse
773 713 891 746 docuit.
919 713 967 746 Ut
990 715 1097 745 autem
1116 712 1236 744 ‘suave’
1257 723 1330 744 cum
1353 710 1498 754 Porphy-

182 770 273 802 riano
300 769 398 801 verbo
418 769 482 811 ἡδύ
503 767 762 810 coniungendum
787 766 878 810 est³),
904 767 950 799 ita
975 766 1034 798 sub
1059 766 1208 798 Tulliano
1229 765 1375 798 ‘afluens’
1394 764 1499 809 gravi-

182 826 283 856 tatem
304 823 488 865 quaerimus
509 824 540 853 et
559 821 641 854 illud
659 822 828 862 περιττόν,
853 820 938 863 quod
958 831 977 852 a
997 819 1154 861 Dionysio
1179 819 1219 851 ad
1237 819 1498 861 Theophrastum

183 878 325 910 delatum
344 875 434 919 estst)
463 875 553 907 Idem
575 876 718 907 recentes
737 874 846 906 Latini
866 873 1098 916 ‘magnificum'
1118 873 1224 905 solent
1242 883 1365 914 vocare,
1383 871 1499 905 Graeci

184 932 221 964 τὸ
241 928 494 973 μεγαλοπρεπές.

272 983 340 1016 Iam
359 983 458 1015 habes
478 993 606 1014 omnem
625 983 799 1023 rationem,
823 992 904 1023 quae
928 981 1012 1014 inter
1035 980 1135 1013 Tullii
1158 982 1191 1013 et
1213 979 1388 1022 Porphyrii
1409 979 1499 1012 testi-

183 1038 328 1070 monium
349 1037 534 1069 intercedat.
562 1035 712 1068 Alterum
736 1035 776 1067 ab
801 1035 903 1067 altero
927 1035 1129 1077 aliquantum
1153 1034 1279 1066 differre
1302 1044 1368 1066 non
1390 1034 1500 1076 potest

183 1091 304 1134 negari.
334 1090 396 1123 Sed
411 1090 438 1122 si
458 1092 605 1131 tempora
620 1091 652 1121 et
671 1100 824 1131 personas
843 1088 1001 1121 iudicabis
1021 1090 1053 1120 et
1069 1088 1109 1119 ad
1127 1087 1338 1119 recentiorem
1356 1086 1498 1120 indolem

183 1156 306 1187 eorum,
324 1155 407 1187 quae
433 1144 467 1175 in
485 1143 667 1185 Porphyrio
695 1142 856 1184 differunt,
882 1142 1025 1174 animum
1053 1140 1208 1182 attendes,
1235 1151 1302 1173 non
1325 1139 1499 1181 dubitabis,

185 1199 238 1232 cui
256 1199 360 1230 maior
377 1197 526 1230 habenda
545 1197 589 1229 sit
607 1197 696 1228 fides.

274 1251 361 1290 Quae
381 1262 453 1283 cum
474 1251 520 1282 ita
538 1251 617 1292 sint,
641 1250 665 1282 ii
683 1261 749 1282 non
768 1249 919 1281 audiendi
938 1251 1027 1291 sunt,
1051 1249 1168 1291 quibus
1188 1247 1361 1290 Simplicii,
1384 1250 1421 1280 ut
1438 1258 1499 1290 pro

184 1305 367 1348 Porphyrio
387 1305 491 1336 dicere
511 1304 626 1345 solent,
645 1303 759 1335 umbra
779 1303 916 1343 obstitit,
936 1303 1109 1345 quominus
1127 1303 1232 1335 lucem
1253 1302 1286 1334 in
1304 1301 1411 1334 verbis
1425 1300 1500 1334 Tul-

184 1359 280 1391 lianis
300 1359 530 1400 conspicerent.
560 1357 631 1396 Quo
646 1357 681 1389 in
699 1367 834 1389 numero
853 1356 992 1389 habendi
1008 1358 1084 1388 sunt
1097 1355 1337 1388 Maximilianus
1351 1354 1500 1388 Schmidt

185 1412 248 1456 (De
268 1412 491 1454 Theophrasto
519 1411 649 1443 rhetore
669 1410 761 1442 Halis
788 1409 952 1442 Saxonum
979 1410 1075 1452 1839,
1094 1421 1123 1451 p.
1138 1409 1207 1451 45),
1235 1407 1312 1441 Otto
1335 1407 1424 1454 Jahn
1450 1406 1500 1451 (in

185 1466 416 1498 commentario
429 1465 571 1497 Tulliani
584 1463 754 1507 Oratoris),
769 1463 973 1496 Hermannus
989 1463 1088 1505 Diels,
1102 1463 1193 1495 cuius
1207 1462 1286 1494 haec
1300 1463 1376 1494 sunt
1389 1460 1500 1493 verba:

184 1520 408 1562 „Theophrast
426 1519 514 1551 zahlt
537 1530 618 1562 ganz
643 1518 847 1560 unbefangen
872 1518 919 1549 als
943 1517 1148 1559 Hauptarten
1171 1516 1226 1548 des
1249 1515 1347 1548 Stiles
1370 1515 1427 1547 das
1445 1523 1501 1547 σα-

186 1574 247 1616 φές
260 1599 267 1605 .
283 1599 290 1605 .
305 1599 330 1615 .,
349 1573 455 1605 ferner
474 1573 554 1614 ἡδύ,
573 1571 818 1614 μεγαλοπρεπές
838 1571 903 1603 und
922 1570 1050 1602 endlich
1069 1570 1125 1602 das
1143 1571 1292 1602 πιθανόν
1309 1568 1395 1610 auf“‚
1418 1578 1501 1611 quae

185 1628 293 1659 omnia
306 1638 325 1658 a
340 1626 523 1668 Porphyrio
542 1626 681 1667 repetita
695 1627 780 1657 sunt.
813 1624 898 1662 Quin
918 1625 1014 1656 etiam
1035 1623 1222 1656 Ciceronem
1241 1623 1275 1654 in
1293 1621 1501 1654 adnotatione

188 1681 346 1723 expressis
375 1680 482 1712 verbis
512 1679 625 1721 procul
652 1679 763 1711 habet:
791 1678 874 1720 „ng
895 1677 960 1710 Cic.
975 1677 1062 1709 Orat.
1079 1678 1130 1719 79,
1154 1688 1204 1708 wo
1224 1675 1341 1718 jedoch
1360 1675 1412 1708 die
1433 1674 1501 1708 drei

186 1734 305 1767 andern
325 1734 427 1766 Arten
445 1733 536 1765 nicht
550 1744 607 1765 aus
622 1732 826 1774 Theophrast
845 1742 1037 1774 genommen
1057 1731 1124 1763 sein
1143 1729 1292 1762 kiinnen“
1306 1727 1500 1772 (Abh.Berl.

186 1787 243 1820 Ac.
261 1787 346 1819 1886
366 1799 395 1829 p.
414 1786 478 1829 12).
507 1786 640 1818 Rectius
655 1786 706 1818 vel
720 1786 743 1817 ii
763 1785 995 1824 iudicaverunt,
1014 1784 1070 1826 qui
1088 1786 1241 1826 quattuor
1257 1781 1420 1815 Ciceronis
1434 1782 1500 1814 lau-

277 1889 303 1923 1)
323 1888 412 1921 Quod,
431 1889 463 1914 ut
482 1896 568 1914 unum
589 1887 704 1913 afferam
723 1888 834 1919 testem,
853 1885 1018 1912 Aristoteles
1037 1884 1140 1919 probat
1158 1884 1239 1911 Rhet.
1254 1883 1301 1917 ΙΙΙ,
1318 1885 1450 1910 1414228
1468 1882 1500 1910 τὸ

185 1929 314 1956 πνθανὸν
333 1930 364 1956 ἐκ
383 1933 432 1955 τοῦ
452 1927 608 1961 πρέποντος
635 1927 670 1953 cf.
687 1929 828 1959 1408a19,
845 1926 968 1952 1408b3.
999 1925 1112 1952 Schmid
1133 1925 1186 1951 Rh.
1202 1924 1273 1950 Mus.
1288 1926 1333 1957 49,
1348 1926 1430 1956 145‚1
1451 1922 1502 1950 du-

187 1970 270 2001 bitat.
289 1970 382 1995 utrum
403 1977 466 1995 cum
486 1968 626 1994 suavitate
645 1967 720 2002 (ἡδύ)
739 1967 770 1994 τὸ
790 1965 918 1994 πιθανόν
937 1965 1164 1999 coniungendam
1184 1965 1233 1997 sit,
1254 1972 1290 1990 an
1309 1972 1373 1990 cum
1391 1963 1502 1990 decoro.

187 2010 268 2036 Prior
287 2010 381 2035 autem
401 2008 542 2035 sententia
562 2017 595 2034 ex
614 2007 769 2034 recentiore
794 2008 855 2033 arte
874 2006 1015 2033 rhetorica
1034 2005 1148 2040 probari
1166 2006 1270 2039 potest,
1289 2003 1325 2030 ad
1340 2002 1503 2038 Theophra-

188 2052 262 2077 stum
282 2049 371 2076 altera
390 2048 450 2076 sola
470 2048 600 2082 quadrat.

277 2091 304 2124 2)
324 2089 401 2121 Quae
421 2089 518 2115 eadem
538 2088 647 2114 ratione
667 2087 740 2114 inter
759 2095 788 2114 se
808 2086 943 2113 differunt
961 2087 1047 2119 atque
1066 2082 1140 2119 ἦθος
1156 2086 1184 2111 et
1202 2084 1306 2115 πάθος.
1335 2081 1410 2118 ἦθος
1427 2082 1503 2110 enim

188 2131 225 2157 ad
246 2129 417 2156 suavitatem
436 2131 479 2155 est
498 2128 753 2159 accommodatum,
772 2127 869 2158 πάθος
888 2127 923 2153 ad
943 2125 1192 2161 magnificentiam.

278 2172 304 2205 3)
323 2170 355 2196 In
374 2169 428 2196 hac
445 2169 559 2195 virtutis
578 2169 659 2202 parte
678 2167 756 2194 nulla
775 2166 914 2194 dissensio
933 2168 983 2193 est.
1013 2165 1113 2200 Itaque
1131 2173 1187 2192 non
1207 2164 1306 2191 debuit
1324 2163 1432 2190 Rabim
1457 2162 1503 2196 (de

188 2209 376 2244 Theophrasti
395 2209 475 2236 libris
494 2208 559 2242 περὶ
578 2207 685 2242 λέξεως)
705 2215 800 2234 vocem
821 2207 929 2234 ‘suave'
951 2208 1062 2232 mutare
1085 2205 1115 2232 in
1135 2205 1254 2240 ‘grave’.
1284 2204 1414 2231 Gravitas
1436 2202 1504 2230 sub—

188 2252 231 2278 est
250 2250 311 2277 voci
332 2249 470 2276 ‘afluens’.

277 2292 304 2324 4)
325 2291 365 2317 Τὸ
389 2289 458 2324 μέγα
482 2289 529 2315 καὶ
554 2288 654 2322 σεμνὸν
678 2288 725 2314 καὶ
754 2287 884 2321 περιττὸν
912 2286 942 2314 ἐν
971 2286 1041 2319 λέξει
1066 2285 1180 2319 Dionys.
1211 2285 1245 2312 de
1269 2285 1352 2311 Isocr.
1377 2292 1404 2318 p.
1420 2282 1503 2310 58⁹1!

187 2332 220 2365 (e.
236 2333 270 2365 3).
301 2330 340 2358 Cf.
361 2330 430 2363 Περὶ
444 2328 550 2363 Ὕψους
569 2332 616 2362 3,4
637 2330 688 2355 etc.
