1566 2592
143 159 157 189 I
167 158 208 190 16
711 159 804 195 Caput
822 160 893 188 VIII.

228 239 407 272 Consilium
428 240 579 283 Dionysii
598 244 784 284 comparato
803 241 903 275 Tullii
922 241 1059 280 Oratore
1077 243 1273 285 illustratur,
1297 244 1353 286 qui
1371 244 1456 278 liber

136 296 271 336 propter
284 295 419 326 rationis
435 294 679 327 similitudinem
695 295 735 327 ad
750 296 1047 338 interpretationem
1062 297 1173 329 iudicii
1188 297 1226 329 de
1237 297 1456 331 Demosthene

137 348 219 379 bene
238 348 418 380 adhibetur.
427 347 451 391 ¹)
472 347 582 381 Cicero
602 359 730 391 quoque
750 349 920 392 optimum,
940 361 1034 391 quem
1055 351 1190 392 quaerit,
1209 353 1370 384 oratorem
1389 352 1454 394 pri-

136 412 227 433 mum
247 413 286 434 ex
305 402 470 444 tripartita
488 402 587 434 trium
606 413 760 445 generum
787 403 940 435 facultate
960 403 1108 445 explicat.
1142 403 1207 436 Sua
1227 406 1382 447 cuiusque
1401 416 1455 449 ge-

136 456 223 487 neris
242 455 325 487 ratio
353 455 559 497 des‹·ribitur,
588 456 702 489 deinde
725 457 890 489 definitur:
918 456 967 499 „Is
987 459 1036 489 est
1054 458 1140 490 enim
1160 458 1327 501 eloquens,
1346 459 1403 501 qui
1422 461 1456 492 et

136 509 274 540 humilia
302 509 466 541 subtiliter
493 511 526 541 et
554 509 620 542 alta
647 510 788 552 graviter
812 512 844 542 et
872 510 1045 542 mediocria
1072 513 1249 554 temperate
1271 515 1380 554 potest
1407 513 1454 545 di-

135 564 235 594 cere.“
264 562 353 594 Haec
377 562 478 606 igitur
496 574 570 604 pars
591 563 736 595 Oratoris
759 564 953 596 conferenda
972 566 1021 596 est
1040 575 1112 596 cum
1138 565 1243 607 prima
1261 568 1353 608 parte
1376 566 1452 599 libri

136 615 176 647 de
195 615 422 658 Demosthene,
451 628 532 658 quae
557 619 606 649 est
630 617 669 649 de
686 617 792 649 tribus
821 617 1026 661 generibus')
1046 618 1086 661 (c.
1104 617 1236 661 1-33).
1269 619 1318 652 Ea
1343 622 1452 652 autem

135 668 262 702 Tullius
281 681 346 702 non
366 672 536 702 contentus
556 673 728 713 postquam
748 671 779 702 in
800 671 896 703 rebus
916 673 949 703 et
967 671 1191 704 instrumentis
1213 673 1350 705 oratoris
1373 685 1451 716 pau—

134 723 203 755 lum
219 725 362 755 moratus
377 726 438 763 est,
453 725 493 756 ad
508 723 598 763 λέξιν
612 724 704 765 redit,
719 726 755 756 ut
770 736 807 756 ea
821 735 903 766 quae
922 725 1065 767 dispersa
1083 727 1159 757 sunt
1173 726 1207 757 in
1226 725 1453 770 disputatione,

135 777 169 808 in
188 788 285 808 unam
307 777 421 819 optimi
442 777 580 809 oratoris
599 778 740 821 effigiem
760 778 906 820 colligat,
930 779 981 810 vel
1000 780 1038 810 ut
1056 778 1178 812 Graece
1196 779 1316 821 dicam,
1339 779 1360 813 ἃ
1381 786 1452 820 τοῖς

134 831 223 873 τρισὶ
243 831 434 872 πλάσμασιν
460 831 582 873 ὁμοίως
610 831 796 873 παρέπεται.
830 831 918 864 Haec
946 834 994 864 est
1020 834 1104 865 ratio
1133 833 1274 874 capitum
1295 833 1339 866 39
1357 836 1391 866 et
1408 834 1454 867 40

135 883 281 916 Oratoris
301 883 336 927 (ξ
355 884 517 927 134sqq.).
547 884 640 923 Quod
654 896 730 917 vero
745 885 883 917 virtutes
902 896 968 918 non
986 886 1205 928 nominantur,
1223 887 1330 929 specie
1349 887 1453 931 magis

134 949 231 979 quam
250 949 284 969 re
304 938 465 970 diversum
486 941 542 971 est.
573 938 730 971 Ciceroni
743 939 903 981 quaestio,
923 939 962 971 de
982 951 1046 981 qua
1065 942 1218 981 certatur,
1241 941 1334 973 unice
1358 951 1453 974 curae

134 994 191 1033 est,
211 1003 248 1023 ea
267 994 374 1024 autem
395 992 433 1024 de
453 995 583 1034 ornatu,
610 994 724 1034 quarta
742 992 960 1035 Theophrasti
978 993 1112 1035 virtute,
1134 994 1251 1036 agitur.
1278 993 1392 1036 Itaque
1411 995 1454 1027 nd

134 1057 294 1077 summam
323 1046 439 1088 optimi
464 1046 601 1078 oratoris
625 1046 757 1079 adhibet
781 1047 885 1078 solum
910 1049 1069 1079 ornatum.
1101 1047 1316 1089 Theophrasti
1343 1050 1452 1081 tamen

134 1099 315 1131 doctrinam
335 1100 466 1132 subesse
486 1111 524 1132 ex
544 1099 763 1132 subdivisione
783 1102 915 1132 ornatus
934 1100 1141 1142 perspicitur,
1168 1112 1240 1133 cum
1259 1101 1368 1134 eadem
1387 1102 1452 1135 tria

133 1153 240 1194 capita
254 1153 464 1194 inveniamus,
476 1165 556 1196 quae
572 1153 658 1196 apud
667 1153 925 1196 Theophrastum
941 1156 1048 1196 partes
1059 1156 1150 1185 erant
1159 1156 1451 1197 μεγαλοπρεπείας,

133 1206 274 1248 ἐκλογήν
302 1207 437 1249 scilicet,
466 1207 640 1250 ἁρμονίαν,
665 1208 820 1249 σχήματα.
854 1206 1100 1249 Amplissimum
1119 1199 1194 1240 sane
1223 1208 1364 1250 spatium
1387 1208 1452 1242 hoo

134 1259 206 1292 loco
226 1261 341 1302 figuris
357 1260 468 1293 Cicero
484 1261 581 1302 dedit,
600 1261 654 1293 sed
674 1272 803 1293 causam
822 1260 991 1293 brevitatis
1010 1261 1044 1292 in
1063 1261 1195 1303 reliquis
1215 1262 1450 1305 cognoscimus,

133 1314 287 1355 quoniam
311 1314 501 1346 electionem
521 1315 694 1347 verborum
718 1314 856 1346 absolvit
875 1315 909 1346 in
932 1314 1104 1357 generibus
1129 1314 1387 1358 describendisss),
1411 1316 1450 1349 de

131 1368 368 1409 compositione
400 1370 512 1410 postea
545 1369 638 1410 plura
671 1370 718 1401 est
752 1369 896 1400 dicturus
934 1367 1002 1411 (Or.
1020 1368 1084 1400 140
1093 1367 1186 1410 sqq.).
1224 1368 1448 1402 Nihilominus

132 1424 265 1462 quartae
284 1422 416 1453 virtutis
435 1422 643 1464 partitionem
659 1433 696 1454 ea
714 1433 788 1464 pars
804 1421 948 1454 Oratoris
968 1421 1108 1463 exhibet,
1128 1423 1207 1464 quin
1225 1423 1323 1454 etiam
1341 1423 1449 1464 ipsum

132 1475 290 1508 virtutum
310 1487 428 1508 nomen
447 1475 579 1519 adest.⁴)

224 1528 404 1561 Consilium
428 1530 530 1572 igitur
552 1530 649 1562 huius
676 1529 817 1562 Tulliani
842 1529 992 1572 capitis-⁶)
1016 1530 1177 1562 consentit
1200 1541 1272 1562 cum
1296 1541 1333 1562 ea
1356 1532 1449 1572 parte

133 1582 210 1614 libri
233 1582 272 1614 de
287 1582 514 1625 Demosthene,
534 1583 572 1615 de
592 1594 655 1625 qua
675 1583 886 1625 disputamus,
906 1583 969 1615 nisi
988 1583 1075 1625 quod
1095 1582 1206 1615 Cicero
1225 1583 1320 1615 etiam
1340 1595 1449 1616 rerum

132 1636 291 1668 rationem
306 1636 413 1678 habet,
432 1637 610 1679 Dionysius
625 1637 850 1678 πραγματικὸν
863 1638 968 1669 τόπον
983 1637 1115 1676 omittit,
1131 1636 1241 1669 Cicero
1256 1637 1449 1670 elocutionis

131 1692 282 1721 ornatum
302 1690 407 1722 solum
426 1693 554 1732 tractat,
573 1701 684 1722 omnes
699 1690 835 1722 virtutes
851 1690 1035 1732 Dionysius.
1064 1690 1185 1722 Tamen
1205 1690 1232 1722 is
1251 1691 1448 1732 promissum

224 1779 248 1808 1)
268 1778 308 1804 De
326 1778 539 1812 propinquitate
558 1778 687 1813 Dionysii
707 1787 769 1804 cum
785 1777 917 1805 Cicerone
932 1787 1006 1805 uuuc
1021 1780 1152 1805 accurate
1167 1778 1295 1812 disputat
1309 1778 1445 1806 Nnul:

130 1818 377 1845 Aesthet-Rhetor.
394 1818 591 1853 Beziehungen
607 1818 745 1845 zwischen
760 1818 874 1853 Dionys.
890 1827 914 1845 ν.
929 1818 992 1846 Hal.
1012 1819 1071 1845 und
1087 1818 1190 1845 Cicero.
1209 1818 1282 1845 Diss.
1297 1818 1447 1854 Tubingen

133 1861 212 1885 1910.

222 1900 248 1932 2)
269 1898 372 1932 Aliqua
392 1901 435 1925 est
458 1899 626 1931 differentia,
646 1899 713 1933 quia
731 1899 855 1925 medium
875 1907 964 1933 genus
984 1898 1111 1933 Dionysii
1131 1907 1186 1926 non
1206 1898 1295 1925 solum
1315 1898 1447 1926 floridum

130 1938 335 1973 complectitur,
355 1940 387 1965 ut
406 1939 481 1973 apud
496 1939 628 1969 Tullium.
649 1939 698 1965 sed
713 1939 799 1966 etiam
818 1938 953 1973 μεσότητα
968 1939 1196 1974 Peripateticum,
1215 1947 1288 1973 quae
1307 1940 1448 1974 temperat

131 1979 187 2005 duo
213 1979 323 2012 reliqua
348 1987 459 2013 genera.
492 1979 587 2006 Cicero
616 1981 710 2006 autem
739 1989 824 2014 supra
851 1979 906 2006 tria
932 1987 1035 2013 genera
1063 1987 1163 2005 novum
1192 1987 1280 2013 genus
1309 1979 1446 2014 optimum

131 2018 258 2045 collocat.

222 2061 248 2092 3)
269 2059 391 2091 Quorum
418 2059 571 2093 descriptio
598 2059 634 2085 ad
661 2060 883 2094 cognoscendam
910 2059 1009 2094 optimi
1033 2059 1152 2087 oratoris
1175 2059 1294 2086 formam
1318 2059 1446 2087 sufficere

131 2100 281 2126 confitetur
306 2100 377 2132 „Sed
397 2100 453 2126 iam
474 2100 564 2126 forma
583 2100 646 2134 ipsa
665 2101 754 2126 restat
773 2102 802 2126 et
821 2100 962 2135 χαρακτήρ
982 2100 1043 2132 ille,
1069 2099 1117 2133 qui
1142 2100 1258 2133 dicitur,
1281 2100 1330 2134 qui
1353 2099 1446 2134 qunlis

132 2148 192 2166 esse
212 2140 315 2166 debeat
333 2149 367 2167 em
385 2141 462 2174 ipsis,
482 2149 551 2174 quae
569 2149 656 2174 supra
675 2140 749 2167 dicta
767 2144 840 2173 sunt,
860 2139 988 2174 intellegi
1007 2142 1118 2174 potest⁵⁸
1139 2139 1194 2173 (Or.
1213 2141 1280 2174 1³4).

222 2181 248 2214 4)
268 2180 388 2206 Etiamsi
408 2179 523 2207 liberior
542 2180 579 2207 sit
594 2189 668 2213 usus,
688 2189 773 2214 quam
788 2181 863 2214 apud
879 2179 1113 2215 Theophrastum.
1142 2180 1215 2207 Nam
1230 2180 1351 2207 brevitas
1367 2181 1446 2216 (βρα-

132 2220 249 2255 χυλογία
267 2220 321 2247 hoc
340 2220 401 2247 loco
421 2220 613 2255 intellegenda
628 2221 678 2252 est,
698 2229 753 2247 non
769 2219 914 2254 συντομία)
935 2220 1063 2255 ἐνάργεια
1079 2222 1131 2247 etc.
1146 2222 1179 2247 ut
1193 2221 1339 2248 contextus
1354 2220 1444 2254 docet,

131 2269 148 2286 a
169 2260 300 2288 Cicerone
320 2261 393 2288 inter
412 2261 539 2295 σχήματα
558 2263 748 2287 numerantur.

223 2303 249 2334 5)
269 2301 349 2333 Quod
369 2301 454 2328 etiam
475 2301 510 2327 ad
530 2300 653 2327 Tulliani
674 2301 797 2327 Oratoris
818 2301 957 2335 ordinem,
981 2301 1016 2327 de
1040 2310 1095 2334 quo
1119 2302 1253 2334 certatur,
1279 2300 1445 2335 intellegen-

130 2342 198 2367 dum
216 2341 346 2368 nonnihil
365 2341 449 2368 valet.
