1566 2592
66 947 97 987 7<

182 165 185 168 -
197 142 241 174 46
780 140 872 175 Caput
890 140 936 167 lv.

199 224 307 256 dectes
327 224 364 255 τὸ
383 224 448 265 ἡδὺ
467 223 521 255 καὶ
540 223 577 255 τὸ
596 221 842 264 μεγαλοπρεπές
862 222 896 255 111
914 221 1098 254 narratione
1120 221 1221 254 voluit
1240 232 1323 262 esse,
1342 221 1411 262 alii,
1435 232 1516 264 quo-

198 289 270 310 rum
298 277 430 310 nomina
458 277 587 309 silentio
615 276 734 319 premit
757 276 988 317 Quintilianus,
1015 275 1137 318 „tribus
1164 275 1315 307 narrandi
1340 274 1518 308 virtutibus

198 331 343 363 adiciunt
367 330 655 373 magnificentiam,
681 341 778 372 quam
804 328 1090 372 μεγαλοπρέπειαν
1115 329 1261 361 νο00111.“
1288 327 1378 370 Inter
1403 339 1458 361 eos
1483 330 1516 361 et

199 385 413 417 Theodectem
433 384 512 416 haec
529 383 613 416 ratio
633 384 818 426 intercedit,
841 383 928 425 quod
951 383 1004 415 hic
1027 393 1145 415 nomen
1164 382 1295 415 virtutis
1314 383 1451 414 evitasse
1471 382 1517 414 vi-

198 439 292 470 detur
315 437 533 481 (magnificam
558 437 629 469 vult
652 448 720 469 esse
743 437 962 469 narrationem
986 436 1025 468 cf.
1049 435 1198 468 Anaxim.
1222 436 1273 468 δεῖ
1297 433 1399 477 εἶναι)
1422 437 1455 467 et
1477 435 1523 468 to

197 492 262 534 ἡδύ
282 493 380 524 etiam
400 491 592 533 postulavit,
615 491 663 523 illi
683 491 804 532 ἀρετὴν
822 491 1104 531 μεγαλοπρεπείας
1123 490 1157 521 111
1175 489 1358 521 narratione
1380 489 1516 521 colloca·

197 548 321 578 verunt.
351 545 609 577 Reminiscamur
628 547 735 576 autem
756 544 821 585 ἡδύ
841 546 873 575 et
891 542 1137 585 μεγαλοπρεπές
1155 542 1241 584 apud
1255 541 1514 584 Theophrastum

199 610 297 631 unam
317 610 386 631 esse
405 600 558 631 virtutem
579 601 611 630 et
630 600 803 639 utrumque
824 597 863 628 ab
883 596 1070 629 Aristotelis
1089 596 1278 628 adversariis
1297 607 1392 628 unam
1412 603 1515 638 προσ-

199 654 364 695 διαίρεσιν
374 655 502 694 praeter
516 651 780 694 perspicuitatem
795 650 914 682 factam
929 661 998 682 esse
1015 649 1068 693 (cf.
1080 660 1176 691 supra
1190 661 1221 691 p.
1231 649 1274 681 39
1281 649 1350 692 sq.).
1379 648 1447 682 Iam
1462 660 1514 682 co-

198 717 391 749 gnoscemus
411 717 510 738 unum
530 706 593 738 hoc
615 705 710 737 etiam
731 705 817 746 apud
836 704 1051 736 Theodectem
1076 703 1174 734 fuisse
1198 713 1335 744 eumque
1359 704 1517 744 quattuor

198 761 341 803 exegisse
362 772 379 791 a
398 760 594 791 narratione:
620 758 739 799 σαφές,
764 758 948 799 σύντομον,
972 757 1135 797 πιθανόν,
1157 757 1221 798 ἡδὺ
1240 755 1294 788 καὶ
1313 758 1514 798 μεγαλοπρε-

198 813 294 857 πές.1)
325 813 481 855 Sequitur
499 815 537 844 ut
551 813 592 844 ab
607 812 657 854 iis,
677 812 733 853 qui
753 813 901 853 quartam
923 811 1075 843 virtutem
1094 810 1374 851 μεγαλοπρεπείας
1392 809 1426 842 111
1444 820 1514 842 nar-

196 867 322 900 ratione
343 869 538 907 statuerunt,
562 866 762 898 Theodectes
782 876 846 897 non
867 865 913 896 ita
933 865 1071 896 multum
1091 863 1226 896 differat.
1255 862 1308 895 Illi
1332 862 1418 895 enim
1436 863 1515 905 quin

198 923 313 963 quarta
328 920 542 962 Theophrasti
559 921 679 952 virtute
695 919 825 950 adducti
845 918 919 959 sint,
938 929 1004 950 non
1023 918 1145 958 dubito,
1165 919 1262 959 atque
1282 927 1399 949 nomen
1417 928 1516 959 uera—

199 975 394 1017 λοπρεπείας
423 974 468 1005 ita
496 972 718 1014 accipiendum
747 983 816 1004 esse
844 974 938 1013 puto,
966 973 1003 1003 ut
1031 982 1160 1003 omnem
1188 972 1336 1013 quartam
1359 971 1514 1002 virtutem

198 1028 363 1071 (ornatum
384 1027 463 1059 illud
485 1038 582 1059 suave
601 1029 634 1058 et
652 1026 774 1058 afluens
795 1025 859 1058 Cic.
876 1024 928 1057 Or.
947 1024 1002 1068 79)
1023 1024 1282 1067 comprehendat.

287 1082 376 1113 ldem
396 1080 608 1121 Theodectes,
633 1079 688 1121 qui
713 1081 902 1111 ornamenta
926 1079 1051 1110 dicendi
1075 1078 1108 1110 in
1131 1078 1326 1110 narrationis
1345 1079 1517 1120 praecepta

196 1135 332 1177 recepit,
360 1137 468 1167 tamen
495 1134 587 1172 τέλος
613 1134 796 1175 διηγήσεως
821 1143 932 1164 verum
959 1135 991 1164 et
1017 1133 1138 1164 iustum
1165 1132 1318 1163 servavit:
1347 1131 1473 1175 Fragm.
1493 1131 1517 1163 3

198 1188 265 1232 (Or.
282 1188 363 1231 Att.)
388 1187 488 1230 ἔργον
512 1188 667 1229 ῥήτορος,
697 1187 741 1224 ὥς
765 1195 870 1228 φησιν
897 1185 1093 1227 Θεοδέκτης,
1117 1185 1403 1226 προοιμιάσασθαι
1430 1180 1516 1227 πρὸς

196 1243 343 1282 εὔνοιαν,
371 1243 595 1283 διηγήσασθαι
623 1241 706 1282 πρὸς
733 1241 982 1281 πιθανότητα
1015 1242 1082 1271 κτλ.
1116 1238 1200 1270 Fieri
1227 1250 1302 1271 sane
1328 1239 1450 1281 potuit,
1477 1240 1516 1270 ut

196 1297 271 1328 finis
295 1296 507 1338 persuadendi
531 1306 604 1327 cum
629 1294 840 1334 ornamentis,
869 1304 950 1335 quae
977 1292 1170 1335 pelliciendo
1194 1292 1233 1324 ad
1256 1291 1514 1334 persuadendum

195 1350 313 1391 valent,
329 1350 543 1391 coniungatur
557 1350 654 1389 atque
669 1359 741 1379 011111
757 1358 900 1389 papyrus
915 1347 1070 1388 quaedam
1084 1345 1303 1378 Theodecteae
1322 1346 1401 1378 artis
1418 1346 1515 1388 plena

196 1404 229 1436 in
252 1403 446 1435 narrationis
469 1402 649 1444 praeceptis
674 1403 706 1432 et
729 1402 937 1442 πιθανότητα
961 1402 993 1432 et
1015 1398 1261 1442 μεγαλοπρεπὲς
1284 1398 1338 1432 καὶ
1361 1399 1426 1441 ἡδύ
1449 1410 1515 1431 una

196 1457 383 1489 tractaverit
398 1455 532 1499 (Oxyrh.
546 1455 624 1497 Pap.
639 1455 707 1487 edd.
724 1454 973 1487 Grenfell-Hunt
991 1454 1053 1486 vol.
1068 1453 1127 1495 III,
1141 1453 1203 1485 No.
1213 1452 1303 1495 410),
1317 1452 1515 1485 testimoniis

143 1543 153 1557 μ
197 1511 331 1543 diversis
357 1510 394 1541 de
418 1507 599 1541 Theodecte
625 1520 690 1541 non
716 1508 926 1540 diffidendum
954 1518 1022 1540 esse
1048 1510 1137 1550 puto.
1166 1506 1228 1539 Sed
1255 1507 1371 1539 iterum
1398 1516 1515 1539 moneo

144 1561 152 1571 ⁶
197 1564 390 1603 vocabulum
411 1563 537 1605 ἀρετῶν
557 1563 596 1594 ab
621 1574 658 1595 eo
679 1563 711 1594 in
731 1562 916 1594 narratione
935 1561 1077 1593 nondum
1098 1571 1167 1593 esse
1187 1558 1410 1603 adhibitum.⁹)

286 1617 354 1650 Iam
379 1617 502 1659 pridem
526 1617 587 1648 viri
612 1616 698 1648 docti
721 1616 870 1647 viderunt
889 1614 1080 1653 Quintiliani
1105 1615 1144 1646 de
1167 1614 1352 1646 narratione
1371 1613 1513 1656 disputa·

197 1673 319 1704 tionem
340 1671 565 1704 conferendam
585 1681 653 1702 esse
675 1681 748 1702 011111
763 1669 935 1711 Anonymo
955 1667 1030 1709 περὶ
1050 1669 1236 1710 ῥητορικῆς,
1255 1669 1311 1709 qui
1326 1680 1344 1699 a
1359 1666 1515 1709 Segucrio

197 1726 320 1758 editore
339 1736 456 1756 nomen
477 1725 607 1766 accepit.
637 1723 752 1765 Neque
772 1722 906 1754 dubium
927 1724 989 1763 est,
1012 1722 1091 1763 quin
1114 1721 1254 1753 maxime
1277 1721 1362 1753 inter
1385 1731 1418 1752 se
1439 1730 1513 1752 0011·

197 1780 346 1820 sentiant,
366 1789 461 1820 quem
481 1788 672 1810 consensum
694 1788 766 1808 011111
781 1775 970 1808 Theodorus
989 1775 1124 1807 ultimus
1144 1775 1195 1816 sit,
1214 1775 1270 1816 qui
1289 1774 1322 1806 in
1342 1774 1402 1806 hac
1419 1769 1514 1816 parte

196 1833 236 1865 ab
258 1835 395 1874 utroque
414 1832 571 1872 laudetur,
591 1830 623 1863 C.
645 1841 672 1861 v.
692 1829 866 1861 Morawski
886 1830 954 1861 veri
973 1828 1122 1860 similiter
1141 1827 1323 1870 explicavit,
1344 1837 1416 1859 cum
1435 1825 1512 1859 Cae-

197 1887 307 1918 cilium
328 1885 518 1923 Calactitam
540 1895 742 1916 communem
763 1883 954 1921 Quintiliani
973 1885 1006 1914 et
1019 1881 1183 1924 Anonymi
1202 1882 1325 1914 fontem
1344 1878 1513 1923 putaret')

196 1961 377 1996 magnificam
401 1959 484 1986 modo
508 1959 568 1985 vult
588 1960 658 1985 etc.‘¹
686 1958 762 1984 Haec
782 1957 916 1984 refutatio
937 1959 1034 1983 secuta
1057 1958 1100 1983 est
1119 1956 1295 1982 Theodorum
1310 1955 1354 1994 cf.
1375 1955 1511 1989 Anonym.

197 2001 259 2035 Seg.
273 2004 322 2027 103
342 2010 369 2035 p.
386 2003 437 2026 370
453 1999 547 2034 Sp.-H.

287 2043 312 2074 l)
333 2040 534 2073 Quintilianus,
553 2040 602 2073 qui
617 2038 785 2065 Theodectis
800 2038 893 2072 ipsum
909 2046 978 2072 opus
993 2045 1049 2064 11011
1063 2037 1203 2069 adhibuit,
1222 2036 1275 2071 ἡδύ
1296 2038 1324 2063 et
1343 2037 1512 2070 μεγαλοπρε-

194 2080 245 2112 πές
269 2081 338 2107 duas
361 2082 456 2115 partes
481 2080 562 2111 facit
592 2079 677 2112 idque
701 2080 816 2123 propter
839 2086 919 2104 suam
943 2077 1171 2111 dispositionem,
1199 2078 1231 2103 ut
1254 2077 1376 2110 primum
1399 2074 1512 2103 refellat

195 2120 409 2156 μεγαλοπρεπές,
430 2119 531 2146 deinde
550 2119 704 2146 iucundum
723 2119 752 2144 in
772 2118 940 2145 narratione.

286 2163 312 2195 2)
331 2161 410 2187 Haec
425 2169 480 2186 non
495 2159 586 2186 solum
602 2159 733 2190 nominis
750 2158 799 2185 sed
814 2158 900 2185 etiam
915 2157 1004 2192 ipsius
1023 2157 1141 2184 rationis
1162 2156 1314 2183 definiendi
1330 2155 1463 2190 analogia
1477 2163 1510 2182 ex

195 2202 290 2229 ethica
308 2201 506 2236 philosophiae
534 2202 613 2234 parte
637 2199 729 2233 petita
749 2198 784 2225 ab
804 2198 957 2225 Aristotele
980 2197 1092 2224 videtur
1116 2197 1256 2231 profecta,
1280 2204 1297 2222 a
1316 2195 1510 2230 Theophrasto
1560 2199 1563 2202 ⁴

196 2251 255 2269 esse
275 2242 450 2276 pervulgata.
480 2241 510 2266 In
531 2240 689 2266 elocutione
710 2240 795 2265 antea
813 2238 937 2273 vigebat,
957 2245 1041 2272 quam
1061 2238 1096 2263 ad
1116 2237 1306 2263 narrationem
1325 2235 1423 2262 delata
1440 2237 1491 2261 est.

285 2284 311 2317 3)
332 2282 516 2314 Quaestiones
546 2280 711 2312 Quintilian.
731 2288 758 2314 p
775 2282 817 2312 39,
847 2278 881 2306 cf.
902 2279 1096 2313 Angermannz
1126 2278 1166 2304 De
1191 2276 1342 2303 Aristotele
1366 2275 1509 2302 rhetorum

195 2323 308 2349 auctore
328 2322 400 2349 Diss.
420 2322 495 2356 Lips
517 2323 585 2348 1904
605 2330 632 2355 p
647 2323 689 2347 47.
