1566 2592
372 143 413 170 De
432 142 565 169 virtutum
586 141 697 168 dicendi
717 149 779 167 cum
799 140 947 175 generibus
966 140 1137 166 confusione.
1349 138 1413 170 123

99 226 144 258 de
157 220 396 267 Thrasymacho
416 225 565 264 excerpta
583 225 615 253 et
634 233 652 253 a
667 222 823 263 Dionysio
844 222 876 253 in
897 232 1013 263 genera
1032 232 1051 252 a
1066 220 1287 262 Theophrasto
1308 220 1412 252 aliena

101 278 279 316 distributa
297 279 380 309 sunt.

194 331 306 374 Lysias
320 330 420 373 igitur
434 331 466 360 et
476 329 743 371 Thrasymachus,
753 329 780 360 si
794 328 980 360 testimonia
995 329 1140 359 accurate
1156 327 1414 368 interpretamur,

103 386 139 417 in
154 383 368 425 Theophrasti
386 382 469 414 libro
489 383 564 424 περὶ
584 382 698 421 λέξεως
717 382 756 413 iis
777 384 860 413 certe
880 381 1060 424 generibus,
1080 391 1216 421 quorum
1236 379 1414 422 ἀρχέτυποι

101 449 125 470 a
143 437 298 478 Dionysio
317 436 497 477 laudantur,
516 436 657 467 nondum
678 435 796 467 addicti
815 437 913 466 erant,
943 434 1026 480 Quid
1046 436 1153 465 autem
1174 434 1211 464 de
1232 434 1344 475 grandi
1364 444 1415 475 ge-

103 502 181 523 nere
199 490 363 522 dicemus?
383 489 484 527 Quem
504 489 688 530 putabimus
708 489 793 530 apud
808 488 1066 529 Theophrastum
1086 488 1154 518 eius
1175 488 1300 529 generis
1320 485 1414 528 ἀρχέ-

102 555 211 576 τυπον
230 546 262 575 et
280 545 405 575 κανόνα
423 542 568 574 laudari?
591 541 644 573 An
664 541 819 584 Gorgian,
838 553 879 573 an
897 541 1116 582 Thucydiden,
1136 551 1216 581 quos
1236 540 1411 581 Dionysius

104 597 140 629 in
162 596 245 628 libro
270 597 308 628 de
331 596 548 628 Demosthene
572 596 745 637 proponit?
773 594 825 627 An
849 594 1090 626 Demosthenen
1114 594 1242 636 ipsum?
1272 593 1334 625 Sed
1357 593 1413 634 qui

102 650 144 682 de
163 650 333 692 generibus
352 650 442 691 dicit,
462 649 500 680 de
518 649 717 690 hominibus,
736 651 773 680 ut
790 650 863 680 utar
882 648 980 680 Tullii
1000 648 1106 680 verbis
1123 647 1175 690 (de
1195 649 1259 688 opt.
1280 658 1350 689 gen.
1371 645 1416 688 2),

102 704 186 736 dicit
208 703 344 745 aliquid,
368 703 394 735 si
418 714 492 735 vero
512 703 629 735 iudicia
649 703 686 734 de
705 703 905 744 hominibus,
929 702 1046 743 quibus
1070 702 1275 732 continentur
1299 711 1416 742 genera

105 757 192 799 apud
210 759 352 788 recentes
366 756 521 797 rhetores,
540 767 558 788 a
573 756 787 798 Theophrasti
808 756 930 787 ratione
950 755 1111 787 iudicandi
1131 754 1312 795 abhorrent,
1331 753 1415 785 idem

102 810 145 842 de
165 810 335 853 generibus
350 811 430 851 ipsis
446 810 651 842 statuendum
666 812 726 842 est:
747 810 773 841 si
793 820 947 851 personae
967 810 1168 849 evanescunt,
1189 819 1296 839 earum
1317 819 1416 849 χοιρα-

106 868 222 905 κτῆρες
242 874 305 894 una
323 865 526 904 evanescunt,
545 865 582 895 ut
600 874 806 895 nummorum
820 874 885 894 non
900 865 975 894 sunt
990 867 1188 904 χαρακτῆρες
1208 861 1270 893 nisi
1291 862 1323 892 in
1348 860 1416 892 auri

104 916 272 959 argentive
291 917 425 948 materia
444 917 604 958 impressi,
623 918 659 948 ut
678 918 726 948 sol
745 916 866 948 nullam
886 916 1033 947 umbram
1052 916 1085 947 in
1106 916 1176 947 solo
1197 915 1335 946 delineat
1354 913 1418 945 nisi

106 980 243 1011 persona
263 969 418 1010 quaedam
438 970 506 1002 eius
525 970 622 1002 radiis
643 970 758 1002 obstat.

196 1022 247 1054 Ex
271 1023 406 1054 diversis
429 1023 576 1065 partibus
599 1023 734 1065 profecti
755 1023 1029 1055 Hendricksonius
1054 1024 1086 1053 et
1108 1024 1218 1053 nostra
1239 1021 1415 1062 disputatio

105 1076 150 1108 ad
169 1077 304 1108 eundem
322 1076 389 1109 fere
410 1077 507 1108 finem
526 1079 746 1118 pervenerunt.
775 1076 985 1108 Americanus
1007 1076 1057 1107 vir
1078 1075 1282 1107 doctissimus
1305 1074 1415 1106 statim

104 1140 142 1161 se
160 1129 195 1160 in
213 1129 498 1171 Peripateticorum
519 1130 598 1162 fines
618 1129 788 1173 contulitl)
808 1132 904 1171 atque
924 1130 970 1162 ibi
989 1131 1135 1161 versatus
1158 1139 1223 1160 non
1249 1129 1352 1159 solum
1377 1139 1416 1159 ex

107 1183 268 1214 rhetorica
295 1185 385 1224 parte
413 1183 469 1215 sed
497 1183 593 1214 etiam
623 1195 661 1215 ex
687 1184 790 1215 ethica
819 1186 886 1215 tam
914 1184 1025 1225 gravia
1051 1183 1240 1225 argumenta
1265 1182 1418 1223 percepit,

106 1235 225 1277 quibus
250 1235 537 1281 Peripateticorum
563 1237 765 1278 disciplinam
795 1236 909 1275 λέξεως
938 1237 977 1268 ad
1006 1236 1126 1278 ἀρετὴν
1155 1235 1357 1267 deferendam
1387 1237 1419 1266 et

86 1294 88 1297 '
106 1289 279 1332 generibus
302 1289 500 1321 liberandam
520 1301 589 1322 esse
611 1291 815 1332 probaretur,
838 1292 874 1321 ut
894 1290 967 1322 inde
986 1301 1175 1332 progressus
1194 1289 1343 1330 Dionysii
1364 1289 1418 1320 du-

111 1342 201 1374 bium
219 1342 327 1374 locum
347 1342 385 1374 de
404 1343 509 1375 medio
530 1354 645 1385 genere
664 1343 895 1385 Thrasymachi
915 1346 998 1375 recte
1019 1342 1234 1385 expliearet.²)

198 1395 267 1427 Nos
286 1398 402 1437 autem,
418 1396 445 1427 si
464 1397 540 1428 licet
559 1397 712 1438 dissipata
732 1399 763 1428 et
783 1397 876 1438 copia
895 1393 1094 1439 singularum
1115 1397 1339 1438 quaestionum
1356 1395 1419 1426 dis-

108 1451 211 1480 tracta
230 1449 394 1491 colligere,
417 1461 474 1491 per
493 1450 570 1481 artis
589 1449 767 1481 rhetoricae
794 1461 923 1491 campos
947 1451 1009 1481 iter
1034 1450 1176 1482 fecimus,
1206 1449 1256 1480 Ex
1276 1449 1418 1490 quinque

107 1502 178 1534 eius
196 1502 342 1543 partibus
361 1503 502 1544 tertiam,
522 1514 603 1544 quae
622 1506 671 1534 est
690 1504 728 1535 de
748 1504 942 1544 elocutione,
961 1503 1120 1544 persecuti
1141 1514 1251 1534 sumus
1271 1505 1303 1534 et
1321 1513 1417 1533 unam

111 1554 226 1593 λέξεως
254 1555 469 1587 instituendae
497 1557 668 1598 rationem,
697 1567 777 1598 quae
800 1557 975 1588 virtutibus
1005 1557 1201 1596 continetur,
1230 1556 1269 1587 ab
1295 1556 1418 1597 origine

108 1619 212 1650 usque
226 1619 264 1640 eo
279 1620 336 1650 per
351 1609 476 1641 saecula
490 1611 717 1651 temptavimus
732 1610 889 1652 comitari,
907 1610 1012 1651 quoad
1028 1610 1137 1641 duram
1153 1610 1288 1641 formam
1305 1608 1420 1650 adepta

110 1661 146 1693 in
167 1662 379 1693 recentiorum
404 1663 569 1694 rhetorum
594 1664 723 1704 scriptis
748 1664 849 1705 magis
875 1663 1000 1705 sepulta
1018 1666 1067 1694 est
1087 1674 1183 1704 quam
1202 1663 1302 1694 vitam
1323 1662 1419 1705 degit.

111 1714 190 1746 Post
213 1714 420 1747 Aristotelem
445 1716 686 1758 Theophrastus
714 1717 849 1748 virtutes
879 1716 1003 1748 dicendi
1032 1718 1185 1757 quattuor
1212 1718 1359 1747 numerat
1387 1718 1420 1746 et

109 1771 234 1800 certum
249 1769 392 1801 ordinem
409 1770 586 1811 constituit,
606 1769 706 1802 Stoici
721 1771 867 1811 quintam
882 1770 1081 1810 addiderunt,
1096 1780 1290 1811 magnopere
1307 1768 1420 1800 deinde

110 1823 241 1853 auctum
269 1822 426 1854 virtutum
455 1834 622 1854 numerum
650 1825 681 1854 et
707 1825 893 1855 ornamenta
920 1824 952 1854 in
979 1823 1152 1864 particulas
1179 1834 1248 1854 esse
1275 1822 1420 1863 dissecta,

113 1885 245 1916 quarum
263 1886 322 1906 suo
338 1887 481 1918 quaeque
495 1877 625 1908 nomine
640 1876 755 1918 ἀρετῆς
770 1877 929 1917 utebatur,
950 1876 1158 1918 Dionysianis
1175 1876 1301 1917 scriptis
1317 1878 1420 1907 osten-

112 1927 209 1959 ditur.
236 1928 278 1959 M.
293 1928 391 1960 Tullii
409 1930 599 1961 auctoritate
614 1930 733 1961 factum
750 1932 805 1970 est,
825 1932 861 1961 ut
880 1930 1014 1961 virtutes
1035 1930 1145 1961 eadem
1165 1929 1370 1970 simplicitate
1390 1931 1422 1960 et

112 1981 304 2023 sinceritate,
323 1993 386 2023 qua
401 1982 640 2024 Theophrastus
660 1995 712 2014 eas
731 1984 865 2024 ornavit,
883 1984 1046 2025 praeditae
1062 1984 1165 2015 denuo
1181 1985 1423 2014 renascerentur

112 2035 146 2065 et
165 2034 250 2075 apud
269 2034 432 2067 Romanos
451 2035 595 2068 rhetores
615 2038 793 2078 regnarent.
823 2036 952 2068 Graecis
972 2037 1053 2068 alter
1071 2037 1195 2068 Tullius
1216 2037 1324 2068 defuit.
1333 2036 1359 2079 8)

205 2150 230 2182 1)
250 2148 292 2182 „It
310 2149 334 2175 is
352 2149 492 2175 therefore
510 2151 539 2176 to
555 2150 645 2177 define
664 2159 740 2178 some
760 2152 870 2185 aspects
890 2151 921 2178 of
940 2151 987 2178 the
1007 2151 1178 2185 Peripatetic
1203 2152 1367 2185 conception
1393 2150 1425 2177 of

113 2188 266 2214 rhetorical
284 2188 368 2222 style,
393 2197 423 2215 as
442 2188 610 2216 formulated
628 2190 666 2224 by
684 2190 733 2218 the
750 2192 806 2217 two
827 2192 886 2218 first
904 2192 1022 2217 masters
1041 2191 1073 2217 of
1088 2191 1136 2217 the
1156 2191 1264 2223 school,
1289 2191 1352 2217 that
1374 2190 1422 2217 the

114 2227 261 2263 following
279 2228 364 2262 study
383 2229 406 2255 is
426 2229 618 2256 undertaken“
637 2232 674 2264 (p.
691 2233 808 2265 l25sq.).

205 2269 231 2302 2>
251 2268 322 2295 Vide
341 2277 478 2295 summam
498 2269 698 2303 disputationis
717 2270 734 2297 1.
750 2270 768 2297 l.
786 2280 812 2305 p.
830 2274 889 2297 127.

205 2310 230 2342 3)
250 2308 304 2335 Cic.
320 2308 362 2335 De
379 2308 424 2335 Or.
440 2309 478 2334 111
493 2312 556 2336 228:
577 2310 636 2342 „Tu
655 2319 728 2343 vero,
747 2311 841 2344 inquit
860 2311 983 2343 Catulus,
1003 2310 1142 2345 collegisti
1163 2310 1265 2344 omnia,
1286 2311 1422 2343 quantum
