1566 2592
187 145 234 177 90
763 143 855 179 Caput
873 143 932 171 VII.
997 159 1000 162 ‹

187 227 319 268 assequi
341 227 395 259 vix
419 228 565 269 possent,
589 226 706 258 nedum
731 229 927 268 superarent.
955 225 1091 258 Nullum
1115 226 1248 259 verbum
1273 226 1340 258 eius
1365 224 1505 268 exempli

189 281 343 312 vitiosum
368 282 423 312 aut
447 281 632 312 inornatum
656 291 724 312 esse
747 279 914 322 putabant.
928 319 936 327 ⁸
953 279 1032 318 Quis
1054 290 1130 312 vero
1154 279 1208 312 ille
1232 290 1315 311 unus
1339 281 1436 319 esset,
1462 289 1504 312 ne

189 334 275 366 inter
289 334 378 376 ipsos
393 334 522 376 quidem
538 333 716 375 constabat,
735 344 807 366 cum
827 333 882 366 alii
897 333 1026 375 Lysian,
1040 333 1250 375 Thucydiden
1269 333 1325 365 alii
1344 333 1505 375 optimum

187 390 349 430 putarent.
381 387 634 429 Demosthenen,
653 387 855 430 Hyperiden,
876 387 1058 419 Aeschinen
1078 387 1143 419 iam
1161 387 1356 419 recentiores
1375 386 1439 419 rati
1457 396 1505 419 re-

191 441 357 483 spuebant.
385 441 570 483 Discipulos
590 443 711 483 autem,
738 441 855 483 quibus
875 441 953 473 haec
971 440 1055 472 ratio
1074 440 1214 483 eligendi
1232 440 1415 472 libertatem
1437 450 1505 472 nou

191 496 358 537 concessit,
374 495 407 527 in
423 495 525 527 multo
542 495 752 536 serviliorem,
766 505 863 537 quam
877 495 990 536 prima,
1000 494 1214 526 imitationem
1229 493 1394 536 compulit,
1408 493 1506 526 itaut
1557 497 1560 503 ⁴

186 549 317 581 facilius
331 560 489 581 novorum
500 551 664 581 oratorum
675 549 806 590 propria
817 549 946 591 ingenia
961 549 1250 590 exstinguerentur,
1261 558 1357 589 quam
1371 546 1505 580 libertas
1551 559 1554 562 ·

189 602 415 635 admitteretur
428 603 504 634 novi
519 602 645 645 generis
662 602 818 634 orationis
833 602 1002 634 formandi.
1030 601 1081 633 Ne
1095 601 1227 633 omnino
1242 601 1282 633 ab
1294 602 1363 633 arte
1377 600 1504 633 dicendi
1564 635 1566 640 .

189 655 410 688 adulescentes
431 656 676 698 deterrerentur,
695 656 811 688 solatio
831 666 913 698 opus
933 657 1011 696 erat,
1029 655 1124 697 quale
1142 656 1177 686 in
1195 654 1361 687 nonnullis
1375 654 1505 697 scriptis
1563 667 1566 669 ·

190 710 284 742 nobis
310 710 443 742 servatis
469 709 641 751 reperitur:
667 720 786 752 magna
809 710 874 741 iam
899 709 993 741 laude
1020 709 1155 751 dignum
1181 719 1249 740 esse
1272 719 1359 749 eum,
1384 708 1440 750 qui
1464 707 1506 740 ad

185 764 372 805 exemplum
387 763 613 805 perfectissimi
629 764 766 795 oratoris
781 763 982 805 aliquantum
997 762 1169 803 accederet,
1183 761 1285 794 veluti
1298 759 1508 803 περὶἿῬψους

189 828 214 849 c.
232 818 272 849 13
296 816 339 860 (p.
355 817 397 849 32
418 815 596 859 Vahlen⁸):
619 818 674 849 καὶ
697 821 744 860 τῷ
768 818 841 849 ὄντι
864 817 963 855 καλὸς
986 814 1083 854 οὗτος
1107 816 1160 848 καὶ
1185 815 1428 855 ἀξιονικότατος
1451 815 1506 848 εὐ-

186 871 298 909 κλείας
318 870 410 912 ἀγών
430 883 463 902 τε
482 870 536 903 καὶ
557 870 730 913 στέφανος,
750 870 787 903 ἐν
806 867 831 915 ᾧ
847 871 900 903 καὶ
920 871 956 903 τὸ
975 871 1140 912 ἡττᾶσθαι
1154 875 1222 902 τῶν
1235 868 1507 911 προγενεστέρων

185 924 252 956 οὐκ
270 924 401 963 ἄδοξον.
439 924 503 957 Cic.
519 923 571 956 Or.
587 924 622 956 6:
649 923 774 966 „Quare
801 935 868 956 non
895 925 958 966 est,
981 934 1038 956 cur
1056 934 1167 955 eorum
1186 923 1242 965 qui
1261 934 1295 955 se
1315 922 1422 955 studio
1441 922 1507 955 elo·

189 978 340 1019 quentiae
359 978 558 1020 dediderunt,
577 989 650 1020 spes
670 979 867 1021 infringatur
885 980 942 1010 aut
959 978 1146 1020 languescat
1164 976 1336 1019 industria3
1358 987 1434 1009 nam
1451 987 1504 1008 ne-

189 1043 252 1073 que
271 1031 352 1064 illud
371 1033 486 1074 ipsum,
506 1032 593 1074 quod
612 1034 662 1064 est
681 1032 852 1074 optimum,
873 1031 1105 1073 desperandum
1125 1029 1215 1073 est1),
1237 1032 1269 1062 et
1287 1031 1322 1062 in
1340 1031 1505 1073 praestan-

188 1084 276 1117 tibus
295 1086 390 1118 rebus
411 1097 528 1129 magna
547 1087 623 1118 sunt
642 1097 691 1128 ea,
711 1097 793 1128 quae
812 1088 888 1118 sunt
907 1085 1040 1127 optimis
1059 1084 1234 1127 proxima.“
1262 1083 1314 1116 Ad
1333 1083 1505 1116 discrimen

189 1138 442 1182 intellegendum
462 1140 540 1171 utile
560 1141 609 1172 est
627 1139 815 1172 testimonio
835 1150 910 1171 sane
927 1139 1047 1171 recenti
1054 1137 1080 1182 ²)
1099 1149 1191 1170 aures
1206 1138 1367 1180 praebere,
1386 1137 1426 1170 de
1440 1147 1505 1179 quo

188 1191 428 1225 Brinkmannus
443 1193 510 1236 egit
525 1194 559 1225 in
569 1193 682 1226 Museo
694 1193 755 1225 Rh.
766 1193 818 1234 61,
828 1204 857 1235 p.
867 1193 927 1225 117
940 1203 1008 1234 sqq.
1033 1192 1223 1234 Philosophi
1239 1194 1350 1224 contra
1365 1192 1506 1234 μίμησιν

184 1246 401 1279 disserebant:
427 1247 597 1290 Λυσχερὲς
623 1248 660 1279 τὸ
686 1247 768 1279 κατὰ
795 1247 900 1289 φύσιν
925 1246 945 1288 ἢ
970 1247 1053 1278 κατὰ
1078 1246 1183 1288 τύχην
1206 1247 1383 1287 γινόμενον
1406 1244 1504 1288 τέχνῃ
1564 1243 1566 1245 ’

186 1302 393 1342 καταλαβεῖν.
422 1300 582 1333 Rhetores
601 1303 741 1343 μίμησιν
760 1300 985 1333 defendebant:
1014 1301 1081 1332 Καὶ
1100 1301 1150 1332 ὅτι
1169 1298 1231 1340 μὲν
1250 1298 1397 1331 δυνατὸν
1420 1303 1506 1340 γνῶ·
1563 1321 1566 1331 2

188 1365 244 1385 ναι
263 1354 303 1386 τὰ
328 1354 488 1396 ἰδιώματα
507 1360 575 1387 τῶν
594 1355 825 1397 χαρακτήρων,
850 1354 1040 1397 ἀρκούντως
1059 1354 1103 1391 ὡς
1123 1351 1214 1395 οἶμαι
1234 1353 1429 1395 δεδήλωται·
1453 1352 1507 1385 δεῖ
1564 1374 1566 1382 .

187 1405 226 1439 δὲ
240 1410 416 1448 μετελθεῖν
431 1408 484 1440 ἐπὶ
503 1409 540 1441 τὸ
555 1411 668 1451 τρίτον
683 1408 844 1450 ἀπόρημα.
872 1409 907 1440 τί
918 1406 955 1440 δὲ
969 1412 1068 1440 τοῦτο
1083 1405 1139 1449 ἦν;
1159 1407 1232 1449 “οὐχ
1248 1403 1322 1439 οἷόν
1335 1405 1382 1438 ἰε’
1398 1405 1504 1448 φασίν
1564 1410 1566 1414 “

190 1461 344 1503 ’ζηλῶσαι
368 1463 446 1500 τοὺς
469 1468 536 1494 τῶν
560 1461 708 1504 ἀρχαίων
731 1462 869 1499 τύπους·
894 1460 1144 1503 καταφερομένη
1168 1461 1232 1502 γὰρ
1256 1461 1276 1502 ἡ
1301 1459 1404 1502 φύσις
1420 1459 1506 1501 πρὸς

184 1515 250 1556 ’τὴν
274 1517 400 1547 οἰκείαν
424 1516 580 1548 διάθεσιν
602 1515 799 1557 μεταβάλλει
822 1515 904 1558 πρὸς
927 1516 988 1556 τὴν
1010 1514 1128 1556 ἑαυτῆς
1148 1515 1296 1556 ἰδιότητα
1313 1514 1375 1555 τὴν
1393 1517 1506 1546 πᾶσαν

189 1573 250 1600 τοῦ
275 1570 376 1609 λόγου
400 1569 591 1611 διοίκησιν’·
615 1568 670 1602 καὶ
695 1574 792 1602 τοῦτο
815 1567 877 1610 μὲν
898 1568 998 1610 ἐγγὺς
1016 1568 1184 1609 ἀληθείας.
1214 1570 1355 1609 ζηλῶσαι
1373 1567 1437 1609 γὰρ
1456 1567 1504 1606 εἰς

184 1622 226 1654 τὸ
247 1620 379 1664 ἀκριβὲς
398 1624 458 1655 τὸν
477 1627 666 1665 χαρακτῆρα
684 1623 743 1655 τὸν
762 1623 1020 1665 Δημοσθενικὸν
1044 1622 1064 1664 ἢ
1084 1622 1304 1654 Πλατωνικὸν
1326 1620 1506 1662 ἀδύνατον,

189 1676 277 1716 πλὴν
296 1677 327 1708 εἰ
344 1675 399 1708 καὶ
418 1677 462 1718 μὴ
482 1676 614 1716 τελέως,
638 1676 716 1708 ἀλλ’
734 1675 796 1709 οὖν
820 1678 910 1708 ἔσται
934 1681 1003 1714 τοῖς
1026 1680 1190 1708 πονοῦσιν
1214 1674 1250 1707 ἐκ
1267 1674 1390 1716 μέρους
1407 1685 1505 1706 κατα-
1564 1669 1566 1674 ⁴

188 1730 325 1770 ληπτόν.
356 1729 526 1771 ἀγαπητὸν
552 1730 613 1772 γὰρ
642 1731 695 1762 καὶ
721 1735 789 1762 τῶν
814 1731 926 1762 ἄλλων
952 1729 1050 1771 ἐγγὺς
1075 1729 1204 1770 ἐλθεῖν,
1230 1729 1274 1770 μὴ
1300 1729 1334 1760 τί
1356 1739 1394 1770 γε
1419 1727 1505 1769 (δὴ)
1559 1738 1562 1739 ’

190 1782 436 1823 Δημοσθένους
459 1782 478 1824 ἢ
503 1784 694 1822 Πλάτωνος.
723 1783 850 1821 Quanto
876 1783 1008 1824 fortius,
1034 1785 1155 1824 quanto
1182 1783 1288 1824 aptius
1315 1781 1355 1813 ad
1380 1780 1504 1813 inflam-

189 1836 322 1868 mandas
333 1836 484 1868 iuvenum
496 1837 580 1868 vires
587 1836 806 1875 Quintilianus
817 1837 850 1869 in
861 1837 962 1869 altero
974 1836 1089 1868 decimi
1098 1836 1174 1868 libri
1184 1835 1289 1878 capite
1297 1833 1504 1878 (X2,8sqq.).

187 1888 413 1931 Comparanda
440 1892 516 1922 sunt
541 1901 614 1922 cum
635 1890 778 1931 Graecis,
805 1902 886 1932 quae
911 1890 1021 1932 attuli,
1046 1889 1153 1921 verbis
1179 1890 1270 1921 haec:
1296 1887 1375 1930 „Sed
1399 1888 1507 1930 etiam,

191 1942 247 1984 qui
271 1954 396 1975 summa
419 1955 485 1975 non
509 1946 675 1986 appetent,
698 1944 891 1976 contendere
914 1944 1022 1985 potius
1047 1954 1143 1984 quam
1167 1942 1258 1984 sequi
1277 1941 1403 1974 debent.
1430 1949 1506 1974 nam

191 1997 248 2038 qui
267 1997 328 2028 hoc
347 1997 424 2040 agit,
444 2000 480 2029 ut
498 1998 587 2039 prior
606 1998 658 2039 sit,
677 1998 812 2029 forsitan
832 1997 1038 2029 etiamsinon
1051 1996 1226 2038 transierit,
1244 1995 1405 2037 aequabit.
1433 2005 1506 2028 eum

186 2060 266 2082 ‘vero
286 2061 380 2082 nemo
400 2053 508 2092 potest
527 2062 673 2092 aequare,
692 2052 783 2083 cuius
802 2051 948 2094 vestigiis
963 2050 1025 2082 sibi
1039 2050 1151 2092 utique
1167 2049 1379 2082 insistendum
1398 2050 1507 2092 putat:

189 2114 318 2135 necesse
338 2106 387 2136 est
406 2104 491 2137 enim
507 2115 633 2146 semper
648 2104 690 2137 sit
704 2105 874 2146 posterior,
894 2105 950 2146 qui
971 2104 1125 2146 sequitur.
1154 2103 1244 2145 adde,
1262 2102 1349 2145 quod
1366 2102 1507 2145 plerum·

187 2167 253 2198 >que
276 2157 402 2190 facilius
427 2160 476 2190 est
499 2158 572 2200 plus
595 2158 700 2190 facere
725 2169 820 2200 quam
845 2158 929 2190 idem
945 2183 950 2190 .
966 2182 973 2189 .
989 2183 995 2189 .
1011 2157 1104 2198 adde,
1128 2157 1214 2199 quod
1235 2155 1392 2198 quidquid
1412 2154 1505 2188 alteri

283 2288 308 2318 1)
328 2286 423 2313 Cicero
443 2286 517 2313 enim
537 2286 666 2313 servilem
685 2285 874 2313 imitationem
893 2286 953 2320 ipse
972 2285 1121 2320 improbat.

282 2328 308 2361 2)
328 2326 408 2358 Quod
428 2326 464 2353 ad
484 2327 508 2353 V
528 2334 599 2353 saec.
621 2328 686 2360 post
705 2326 766 2353 Chr.
787 2335 814 2353 n.
834 2325 944 2354 rettulit
963 2326 1177 2353 Brinkmannus.
