1566 2592
161 142 204 173 98
735 142 826 178 Caput
845 143 903 170 vn.

163 224 272 266 sent.¹)
282 224 428 257 Ciceroni
437 235 513 257 vero
524 224 645 266 gratias
656 225 912 267 debemus,quod
922 227 988 258 tres
998 227 1115 268 partes,
1124 226 1158 258 in
1166 237 1246 268 quas
1257 229 1344 259 recte
1354 227 1488 262 dicendi.

122 293 125 324 ¹.
163 278 327 310 institutio
342 278 523 310 imitatione
539 278 693 310 distracta
708 281 765 320 est,
783 290 896 311 rursus
915 279 949 311 in
964 280 1080 321 optimi
1099 291 1196 312 unam
1211 280 1347 313 formam
1364 281 1484 325 coegit.

123 332 126 343 ¹
162 332 235 364 Hoc
255 332 338 364 enim
360 333 484 374 spectat
502 332 570 364 eius
586 331 736 364 ‘Orator'.
765 332 835 370 Quo
850 333 937 365 facto
953 333 1150 365 diversorum
1166 344 1318 376 generum
1335 333 1490 367 doctrina.

164 386 327 428 superflua
355 388 424 418 erat
452 388 484 417 et
511 386 667 428 pristinae
696 386 899 428 simplicitati
930 387 1097 428 provincia
1125 387 1340 420 instituendae
1367 387 1487 427 λέξεως

163 440 364 472 reddebatur.

254 492 363 536 Atque
386 493 466 525 haec
489 493 618 535 quidem
644 493 682 526 de
706 494 831 525 ratione
854 504 1018 537 generum.
1051 493 1119 526 Iam
1140 494 1310 527 videndum
1331 497 1394 536 est,
1419 506 1492 537 qua.

164 548 198 579 in
212 549 305 590 parte
320 548 427 589 operis
437 546 657 585 Quintilianus
673 558 709 580 ea
725 547 939 580 collocaverit.
959 546 996 579 Id
1010 550 1121 579 nostra
1134 558 1220 580 nunc
1234 548 1371 581 maxime
1386 549 1484 581 inter-

165 603 221 634 est.
259 601 331 633 Hoc
357 603 465 632 autem
492 600 588 632 modo
615 601 717 633 libros
743 611 818 633 suos
845 601 980 643 digessit
999 601 1028 643 (l
1048 600 1195 634 Prooem.
1210 602 1339 646 21sq.):
1366 602 1490 644 „Liber

165 655 290 698 primus
309 666 355 696 ea,
374 665 456 696 quae
476 658 552 686 sunt
571 657 645 686 ante
665 655 810 686 officium
831 654 986 695 rhetoris,
1005 655 1194 687 continebit.
1223 656 1362 688 secundo
1380 657 1491 699 prima

166 709 252 751 apud
271 708 433 740 rhetorem
453 708 612 740 elementa
631 710 663 740 et
682 719 763 749 quae
783 708 822 739 de
842 709 911 750 ipsa
930 708 1106 741 rhetorices
1126 708 1308 742 substantia
1329 720 1491 752 quaerum-

166 765 235 801 tur,
258 762 478 794 tractabimus.
509 762 651 804 quinque
677 762 826 803 deinceps
851 762 1030 794 inventioni
1050 761 1095 805 (Ι)
1115 781 1158 785 -
1177 774 1251 794 nam
1273 763 1349 796 huic
1371 765 1405 796 et
1422 763 1489 796 ‹lis-

166 816 286 858 positio
311 815 370 859 (II)
397 816 605 858 subiungitur
624 834 667 838 —
687 818 841 857 quattuor
867 816 1041 848 elocutioni
1065 815 1157 859 (III),
1182 816 1215 848 in
1242 817 1334 848 cuius
1359 819 1486 859 partem

168 870 325 902 memoria
345 868 422 912 (IV)
442 880 478 901 ac
497 869 720 911 pronuntiatio
741 869 799 912 (V)
819 870 961 911 veniunt,
981 869 1150 902 dabuntur.
1178 869 1270 903 Unus
1290 871 1432 912 accedet,
1451 871 1491 903 im

169 935 233 965 quo
253 923 348 955 nobis
367 925 478 955 orator
496 924 564 965 ipse
584 923 808 955 informandus
827 925 885 964 est,
903 925 937 955 et
954 923 1009 964 qui
1025 934 1131 955 mores
1146 924 1225 965 eius,
1244 935 1326 966 quae
1341 924 1374 956 in
1389 925 1487 958 susci·

168 978 309 1020 piendis,
336 977 509 1018 discendis,
536 971 670 1020 agendis
694 977 798 1008 causis
828 977 925 1018 ratio,
954 977 1037 1018 quod
1064 977 1253 1017 eloquentiae
1278 988 1389 1020 glenus,
1414 978 1494 1020 quis·

169 1031 284 1075 agendi
301 1031 416 1063 debeat
431 1041 500 1063 esse
518 1031 603 1072 finis,
622 1041 704 1072 quae
723 1032 798 1072 post
817 1031 914 1062 finem
934 1030 1051 1072 studia,
1069 1032 1226 1072 quantum
1242 1034 1353 1064 nostra
1366 1031 1494 1064 valebit-

170 1085 351 1127 infirmitas,
370 1084 591 1117 disseremus.“
602 1083 628 1127 ²)

261 1138 354 1180 Eam,
369 1150 451 1180 quae
465 1140 516 1170 est
530 1138 568 1170 de
584 1138 766 1170 elocutione
781 1137 872 1180 (περὶ
887 1137 1027 1179 λέξεως),
1045 1140 1168 1179 partem
1185 1141 1332 1170 accurate
1346 1140 1379 1170 et
1390 1138 1495 1182 longe

173 1193 335 1235 separavit
349 1204 368 1223 a
383 1191 563 1235 generibus.
582 1191 634 1223 Ex
648 1191 741 1223 libris
752 1190 924 1223 VIII—XI
939 1192 1130 1223 examinatis
1149 1191 1367 1224 intelleximus
1385 1194 1490 1224 totam

172 1246 288 1285 λέξεως
312 1245 570 1288 praeceptionem
595 1245 773 1277 virtutibus
798 1245 923 1277 dicendi
948 1245 1125 1277 subiectam
1145 1255 1220 1277 esse.
1251 1244 1374 1277 Genera
1392 1247 1430 1278 ut
1448 1245 1494 1278 ab

172 1300 368 1341 elocutione,
391 1299 417 1331 si
437 1310 507 1331 eam
527 1299 656 1331 tertiam
678 1299 756 1330 artis
775 1301 901 1340 partem
921 1298 1182 1340 interpretamur,
1207 1298 1310 1330 aliena
1331 1301 1420 1340 sunt,
1443 1299 1497 1331 ita.

171 1355 338 1396 pertinent
365 1353 405 1385 ad
434 1353 685 1395 disputationem
716 1353 755 1385 de
783 1354 910 1384 oratore
943 1351 1032 1394 (περὶ
1061 1351 1224 1395 ῥήτορος).
1268 1351 1376 1384 Genus
1403 1353 1495 1384 enim.

174 1408 299 1440 dicendi
318 1408 519 1439 voluntatem
539 1408 694 1449 cuiusque
713 1407 878 1448 propriam
898 1405 1012 1444 efficit,
1031 1417 1126 1447 quam
1148 1405 1260 1437 Graeci
1280 1405 1392 1438 dicunt
1410 1416 1494 1447 προ-

174 1462 312 1504 αίρεσιν.
1139 1450 1143 1454 ¹

264 1514 373 1557 Atque
393 1514 611 1553 Quintilianus
638 1514 766 1556 quidem
790 1514 868 1555 quin
893 1524 1011 1556 genera
1030 1513 1155 1545 dicendi
1175 1524 1247 1545 cum
1268 1512 1385 1551 λέξεως
1402 1522 1494 1555 prae-

175 1567 310 1611 ceptis³)
338 1568 466 1601 misceri
492 1570 592 1610 vetet,
618 1579 683 1600 non
711 1567 844 1599 dubium
871 1570 927 1599 est.
961 1565 1141 1609 Postquam>
1164 1567 1218 1598 hic
1243 1565 1346 1598 oeulis
1370 1565 1499 1598 nostris.

267 1685 293 1718 1)
312 1684 413 1718 Itaque
433 1683 625 1716 Quintilianus
645 1684 780 1710 admonet
798 1682 1018 1709 innumerabiles
1038 1690 1132 1709 revera
1151 1682 1258 1716 species
1278 1681 1352 1708 inter
1370 1680 1422 1707 illa
1444 1688 1498 1716 ge-

176 1733 244 1751 nera
262 1732 323 1751 esse
342 1724 517 1751 intermissas
531 1724 582 1750 XII
599 1727 640 1754 10,
656 1727 698 1751 66.
719 1723 769 1750 ΧΠ
786 1726 827 1755 10,
845 1726 889 1750 10:
910 1723 959 1756 „In
978 1723 1106 1750 oratione
1125 1731 1200 1756 vero,
1219 1722 1243 1748 si
1263 1721 1370 1756 species
1388 1720 1499 1748 intueri.

175 1764 254 1797 velis,
274 1764 394 1791 totidem
413 1773 503 1798 paene
522 1764 646 1798 reperias
666 1764 851 1799 ingeniorum.
872 1764 942 1797 quot
961 1771 1108 1797 corporum
1127 1763 1259 1789 formas.“
1287 1761 1413 1794 Quocum
1427 1768 1495 1787 con-

177 1805 265 1831 sentit
289 1804 468 1838 aliquatenus
487 1804 640 1838 Dionysius
659 1804 722 1830 Hal.
743 1804 778 1831 de
798 1812 887 1837 comp.
908 1803 982 1830 verb.
1002 1812 1024 1830 c.
1041 1806 1073 1829 21
1099 1807 1135 1837 (p.
1153 1803 1257 1836 145R):
1285 1801 1420 1832 εἰδικὰς
1442 1799 1501 1835 μὲν

177 1845 321 1878 διαφορὰς
334 1845 438 1875 πολλὰς
452 1843 564 1878 σφόδρα
579 1842 653 1871 εἶναι
668 1843 782 1878 τίθεμαι
798 1865 803 1870 .
821 1865 826 1870 .
844 1865 850 1870 .
865 1842 961 1877 οἴομαί
981 1853 1009 1870 τε
1027 1843 1103 1870 ἴδιον
1118 1843 1196 1878 ἡμῶν
1210 1842 1316 1877 ἑκάστῳ
1330 1845 1502 1876 χαις)«αιἰιτῆραιΔ

178 1884 269 1917 ὥσπερ
290 1885 382 1919 ὅψεως
406 1883 478 1912 οὕτω
502 1885 550 1911 καὶ
569 1885 726 1915 συνθέσεως
746 1884 892 1918 ὀνομάτων
911 1885 1161 1917 παρακολουθεῖν.
1178 1903 1184 1910 .
1200 1904 1206 1909 ,
1222 1882 1272 1912 τὰς
1289 1881 1384 1916 μέντοι
1403 1890 1495 1916 γενι-

177 1925 240 1957 κὰς
258 1926 344 1960 αὐτῆς
364 1925 506 1959 διαφορὰς
523 1925 627 1955 ταύτας
646 1923 720 1951 εἶναι
739 1924 876 1958 πείθομαι
895 1923 984 1958 μόνας
1007 1923 1057 1954 τὰς
1079 1928 1160 1956 τρεῖς.
1189 1922 1233 1949 Ad
1249 1921 1387 1949 Graecum
1402 1929 1502 1948 exem-

178 1965 258 2000 plum
278 1966 364 1992 etiam
384 1965 479 1992 Latini
500 1965 619 1992 rhetoris
639 1964 785 1991 distinctio
805 1965 880 1991 inter
897 1965 997 1998 species
1016 1965 1044 1990 et
1062 1972 1161 1999 genera
1181 1963 1271 1989 redire
1290 1962 1409 1988 videtur.

270 2008 295 2039 2)
316 2005 410 2037 Quint.
426 2005 477 2031 XII
494 2008 534 2038 10,
548 2009 560 2031 1
582 2005 693 2031 videtur
707 2013 807 2031 novam
824 2004 1037 2038 dispositionem
1053 2003 1210 2030 describere
1226 2011 1242 2028 a
1256 2002 1349 2037 prima
1363 2001 1503 2035 alienam„

179 2055 243 2073 cum
264 2046 383 2072 diceret:
403 2045 563 2080 „Superest‚
582 2047 615 2072 nt
634 2045 727 2071 dicam
747 2045 781 2071 de
800 2052 903 2079 genere
922 2043 1066 2071 orationis.
1086 2043 1132 2070 hic
1151 2045 1213 2069 erat
1230 2042 1392 2077 propositus
1410 2049 1428 2068 a
1446 2049 1501 2069 no·

179 2086 268 2113 bisin
284 2086 423 2113 divisione
436 2086 528 2120 prima
543 2085 621 2112 locus
640 2085 750 2112 tertius.
770 2093 835 2111 nam
854 2085 896 2111 ita
914 2084 1098 2118 promiseram
1118 2092 1163 2110 me
1183 2083 1217 2109 de
1237 2085 1306 2114 arte,
1325 2082 1360 2108 de
1379 2081 1504 2115 artifice..

180 2127 216 2153 de
235 2135 318 2161 opere
338 2126 506 2153 dicturum.¹⁸
536 2126 590 2152 Sed
610 2126 633 2152 si
649 2125 809 2152 accuratius
824 2125 949 2151 animum
964 2124 1100 2156 advertes,
1121 2123 1214 2157 ‘opus’
1235 2131 1290 2149 non
1311 2124 1355 2148 est
1373 2121 1497 2148 solutum

180 2167 216 2194 ab
243 2166 382 2193 ‘artificis’
408 2169 501 2201 parte,
526 2166 575 2193 sed
597 2165 730 2192 inseritur
753 2165 782 2191 in
807 2173 876 2191 eam.
906 2164 1029 2198 Exponit
1057 2164 1131 2190 enim
1155 2165 1220 2198 post
1242 2171 1360 2198 genera,
1385 2161 1504 2196 qnando-

181 2207 283 2233 artifex
299 2207 412 2233 (licendi
428 2206 509 2233 finem
526 2206 622 2238 faciat,
639 2205 779 2239 quomodo
794 2205 883 2232 otium
898 2204 992 2239 degat.
1017 2203 1057 2230 Cf.
1073 2204 1132 2231 Lib.
1147 2203 1160 2230 1
1174 2211 1295 2238 prooem.
1311 2206 1355 2236 21,
1372 2201 1431 2229 Lib.
1445 2199 1497 2228 ΧΠ

181 2255 304 2282 prooem.
335 2247 374 2273 De
393 2255 427 2273 ea
446 2246 649 2273 consuetudine
669 2245 837 2278 Quintiliani
857 2253 942 2278 supra
960 2254 986 2279 p.
1003 2247 1036 2270 57
1056 2244 1152 2271 adnot.
1168 2247 1191 2270 2.

273 2290 299 2322 3)
319 2287 412 2314 Etiam
429 2286 480 2313 XII
500 2295 620 2321 prooem.
638 2289 676 2313 3.:
706 2286 877 2319 „Postquam
896 2293 961 2311 vero
981 2285 1062 2311 nobis
1087 2284 1142 2316 ille,
1163 2293 1247 2318 quem
1270 2282 1504 2314 instituebsmua,

183 2330 279 2355 orator
298 2337 316 2354 a
335 2328 446 2355 dicendi
468 2328 609 2362 muyietris
632 2327 762 2354 dimissus
783 2327 833 2352 aut
851 2334 901 2351 suo
922 2325 978 2351 iam
998 2324 1106 2360 impetu
1125 2325 1215 2352 fertur
1238 2325 1288 2356 aut
1310 2323 1419 2350 maiora
1442 2319 1502 2348 sibi
