1566 2592
169 119 212 152 20
754 119 845 154 Caput
864 119 897 146 11.

167 202 270 233 rentia
289 201 502 244 significatur,
521 202 673 242 quoniam
693 201 934 244 Theophrastus
954 213 1019 234 non
1042 203 1205 234 communi
1230 202 1387 235 vocabulo
1406 212 1485 236 συν·-

167 255 303 296 θέσεως,
332 254 387 287 sed
411 265 489 287 voce
517 254 660 297 ἁρμονία
684 266 761 287 usus
785 257 846 297 est,
870 266 951 297 quae
975 255 1015 287 ad
1039 257 1184 288 ornatam
1211 256 1483 298 compositionem

168 310 272 351 magis
291 309 406 341 idonea
425 308 553 340 videtur
571 319 648 341 esse.

258 363 320 394 Sed
347 362 385 394 de
411 362 560 395 vocabuli
589 362 784 407 συντιθέναι
814 374 874 394 usu
902 364 1077 395 vetustiore
1106 374 1207 406 pauca
1235 363 1369 396 dicenda
1397 365 1481 397 sunt.

166 416 359 449 Aristoteles
385 417 484 457 em'm,
512 417 567 458 qui
594 408 862 458 compositionem
889 417 1070 458 verborum,
1096 419 1254 459 quatenus
1273 417 1313 449 ad
1333 420 1483 450 ornatum

164 471 315 512 pertinet,
333 470 491 512 capitibus
512 470 531 502 8
551 472 584 501 et
598 470 618 501 9
639 469 732 502 Rhet.
747 469 794 501 ΙΙΙ
815 471 974 511 tractavit,
994 481 1102 503 vocem
1124 470 1319 503 συντιθέναι
1339 471 1407 503 sine
1426 471 1483 504 illa

165 524 207 565 vi,
228 535 291 566 qua
309 524 502 556 recentiores
522 524 636 564 solent,
655 523 813 565 adhibuit,
839 526 876 555 ut
895 534 1022 556 omnem
1049 524 1190 565 plurium
1217 524 1388 557 verborum
1409 535 1480 557 con-

165 577 379 610 tinuationem
403 578 607 620 significaret.
639 576 787 609 Delectui
809 579 915 609 autem
938 578 1108 610 verborum
1130 578 1294 610 σύνθεσιν
1317 578 1396 610 adeo
1415 589 1481 610 non

164 631 334 672 opposuit,
358 634 393 663 ut
418 631 515 662 etiam
536 631 576 662 iis
599 631 679 662 locis
699 631 758 662 hac
779 642 856 663 voce
876 633 1032 669 uteretur,
1058 631 1174 673 quibus
1187 632 1232 663 *de
1257 632 1394 675 singulis
1413 643 1480 664 ver-

165 685 216 716 bis
231 685 387 727 eligendis
406 685 530 726 agebat.
560 684 691 724 Confer,
711 686 746 715 ut
761 684 916 725 exemplis
937 686 1022 726 utar,
1038 685 1222 717 Aristotelis
1242 685 1335 717 Rhet.
1350 684 1400 717 111
1418 695 1445 718 c.
1459 685 1480 717 5

167 738 307 779 initium,
326 749 390 780 quo
410 738 482 770 loco
502 740 672 780 postquam
690 738 728 770 de
749 738 951 780 singulorum
972 738 1143 770 verborum
1163 749 1223 770 usu
1242 739 1399 771 nonnulla
1416 739 1481 771 dis-

164 792 275 833 seruit,
294 792 345 824 his
364 791 470 824 ve'rbis
488 791 528 823 ad
548 791 748 833 ἑλληνισμόν
767 792 895 823 transit:
915 792 948 824 Ὁ
962 790 1023 834 μὲν
1038 790 1100 824 οὖν
1120 794 1218 833 λόγος
1237 793 1430 825 συντίθεται
1445 792 1481 824 ἐκ

164 847 302 878 τούτων.
331 846 476 888 Apparet
496 846 580 877 enim
600 845 679 877 haec
698 848 841 877 extrema
860 845 957 877 verba
976 845 1059 878 nihil
1077 846 1165 878 aliud
1185 846 1249 878 sibi
1268 846 1364 888 velle,
1383 856 1479 888 quam

163 910 211 941 ea,
231 911 312 941 quae
326 899 420 931 initio
440 900 509 931 eius
529 899 631 940 partis
651 899 804 941 leguntur
823 898 1037 942 (1404b26):
1057 901 1165 932 ὄντων
1185 898 1213 931 δ’
1233 899 1407 941 ὀνομάτων
1424 898 1479 932 καὶ

163 952 330 995 ῥημάτων,
350 952 382 991 ἐξ
398 951 446 985 ὧν
461 953 478 985 ὁ
499 954 595 993 λόγος
615 961 660 984 συ
668 951 865 994 νέστηκεν.
892 952 1017 985 Neuter
1034 954 1124 985 locus
1145 953 1184 985 ad
1204 953 1481 995 compositionem,

165 1018 261 1048 quam
281 1010 425 1039 recentes
444 1009 618 1049 appellant,
637 1006 788 1048 pertinet,
806 1018 865 1038 uec
884 1007 978 1039 aliter
992 1019 1029 1039 ea
1049 1007 1154 1047 verba,
1174 1018 1255 1048 quae
1270 1007 1308 1038 de
1322 1005 1480 1048 Euripide

164 1061 316 1093 dicuntur
335 1072 364 1102 p.
378 1061 464 1093 1404
473 1061 492 1093 b
501 1061 558 1092 23:
577 1061 748 1093 κλέπτεται
767 1060 797 1093 δ’
812 1059 859 1101 εὖ,
875 1060 933 1092 ἐάν
946 1073 996 1098 τις
1010 1060 1045 1093 ἐκ
1059 1066 1117 1102 τῆς
1131 1061 1291 1098 εἰωθυίας
1305 1059 1479 1093 διαλέκτου

163 1113 308 1155 ἐκλέγων
323 1118 480 1157 συντιθῇ·
501 1115 518 1147 ὅ
534 1126 595 1157 περ
611 1115 796 1156 Εὐριπίδης
810 1119 899 1147 ποιεῖ
910 1113 964 1146 καὶ
979 1113 1128 1153 ὑπέδειξε
1143 1120 1281 1155 πρῶτος.
1300 1113 1380 1152 Quis
1393 1115 1480 1146 enim

164 1167 305 1209 dubitat,
328 1168 407 1209 quin
430 1168 598 1210 Euripidis
622 1169 766 1201 delectus
790 1168 961 1200 verborum
984 1167 1147 1209 laudetur,
1173 1178 1239 1200 non
1264 1169 1480 1209 compositio?

163 1221 237 1253 Vox
257 1223 365 1253 autem
385 1222 581 1254 συντιθέναι
603 1222 753 1254 omnibus
773 1222 838 1254 illis
856 1222 936 1254 locis
957 1232 1015 1253 suo
1036 1221 1104 1253 iure
1124 1221 1304 1262 adhibetur,
1323 1221 1419 1254 modo
1439 1232 1479 1254 ne

163 1275 310 1317 angustis
332 1276 462 1307 termini
481 1275 621 1308 technici
640 1276 760 1308 finibus
779 1276 848 1308 eius
867 1275 933 1307 vim
954 1275 1096 1308 definias.
1126 1274 1187 1313 Qui
1207 1275 1292 1307 enim
1312 1274 1408 1307 verba
1427 1275 1479 1307 de-

163 1329 239 1372 ligit
259 1333 291 1361 et
317 1330 471 1372 conserit,
497 1332 581 1361 certe
607 1332 801 1371 συντίθησι,
828 1329 888 1361 etsi
913 1331 1003 1362 nulla
1026 1329 1104 1360 artis
1128 1329 1252 1360 ratione
1277 1327 1422 1360 adhibita
1445 1327 1479 1360 id

162 1383 247 1415 facit.
287 1383 395 1415 Etiam
424 1383 640 1425 Theophrasti
667 1383 886 1425 fragmentum
916 1382 1076 1424 quoddam
1109 1382 1225 1414 falsum
1258 1382 1364 1414 locum
1393 1381 1479 1424 apud

162 1436 328 1478 Mayerum
348 1437 486 1478 accepit,
506 1438 638 1478 propter
658 1448 769 1469 vocem
793 1436 998 1469 συντιθέναι.
1027 1435 1203 1478 Dionysius
1223 1435 1263 1468 H.
1287 1436 1372 1467 enim
1395 1446 1478 1476 eum,

162 1491 218 1532 qui
234 1490 412 1522 orationem
428 1491 595 1532 pulchram
611 1490 830 1532 componendo
846 1490 976 1522 reddere
991 1489 1108 1531 studet,
1128 1490 1266 1531 primum
1286 1489 1321 1520 in
1339 1488 1479 1532 deligen-

162 1543 212 1575 dis
232 1544 337 1576 verbis
357 1544 437 1576 bene
457 1545 605 1576 sonantia
626 1547 659 1576 et
682 1543 793 1586 gravia
817 1554 968 1585 quaerere
993 1543 1094 1575 iubet:
1123 1543 1186 1575 ὅσα
1213 1543 1431 1584 καλλιλογίαν
1456 1541 1478 1584 ἣ

161 1597 447 1639 μεγαλοπρέπειαν
465 1597 485 1639 ἢ
505 1599 687 1639 σεμνότητα
707 1599 922 1639 περιείληφεν
941 1597 1088 1637 ὀνόματα
1108 1622 1136 1629 ..
1152 1622 1159 1628 .
1174 1622 1181 1629 .
1201 1596 1328 1638 εἴρηται
1347 1595 1388 1629 δέ
1403 1607 1479 1628 τινα

161 1651 236 1692 περὶ
265 1651 393 1683 τούτων
421 1650 476 1683 καὶ
507 1651 709 1694 Θεοφράστῳ
739 1655 784 1695 τῷ
813 1652 988 1694 φιλοσόφῳ
1018 1652 1213 1692 κοινότερον
1241 1650 1278 1682 ἐν
1304 1655 1375 1688 τοῖς
1402 1650 1477 1692 περὶ

162 1704 292 1743 λέξεως,
313 1706 398 1736 ἔνθα
422 1705 537 1746 ὁρίζει,
562 1706 638 1737 τίνα
658 1705 804 1746 ὀνόματα
824 1705 924 1746 φύσει
951 1704 1034 1736 καλά
1054 1704 1334 1746 [παραδείγματος
1356 1702 1477 1745 Eum}

161 1754 210 1789 ὧν
225 1758 476 1798 συντιθεμένων
491 1759 595 1798 καλὴν
611 1762 713 1790 οἴεται
728 1757 782 1790 καὶ
798 1760 1030 1800 μεγαλοπρεπῆ
1046 1758 1247 1799 γενήσεσθαι
1262 1758 1323 1798 τὴν
1339 1757 1476 1799 φράσιν,

162 1810 218 1843 καὶ
238 1809 339 1849 αὖθις
358 1811 452 1853 ἔτερα
471 1813 572 1853 μικρὰ
587 1813 640 1844 καὶ
659 1812 807 1852 ταπεινά,
828 1811 859 1850 ἐξ
875 1809 923 1844 ὧν
938 1812 1014 1843 οὔτε
1033 1812 1157 1852 ποίημα
1175 1811 1320 1852 χρηστὸν
1337 1808 1478 1842 ἔσεσθαί

161 1873 265 1906 φησιν
280 1865 356 1896 οὔτε
371 1866 473 1906 λόγον
493 1865 533 1908 (c.
552 1866 591 1898 16
612 1877 641 1907 p.
660 1866 721 1897 101
731 1865 784 1908 R).
813 1865 1056 1907 Theophrastus
1071 1865 1173 1906 igitur
1187 1864 1225 1896 de
1240 1864 1320 1896 bene
1334 1863 1475 1896 sonanti-

161 1918 222 1950 bus
236 1920 269 1949 et
287 1919 440 1961 gravibus
460 1919 566 1951 verbis
582 1919 673 1961 dixit,
686 1919 743 1951 ubi
762 1921 955 1960 κοινότερον
969 1930 1006 1950 ea
1024 1918 1175 1951 tractavit
1189 1920 1222 1950 et
1240 1917 1395 1958 definivit,
1414 1917 1433 1948 i.
1448 1927 1474 1949 e.

161 1972 194 2002 in
214 1983 252 2003 ea
276 1974 366 2014 parte
387 1975 519 2014 quartae
538 1974 678 2015 virtutis,
698 1984 778 2015 quae
798 1975 866 2005 erat
885 1972 923 2004 de
943 1971 1139 2014 simplicium
1159 1971 1330 2003 verborum
1350 1973 1474 2002 ornatu.

161 2025 300 2057 Etiamsi
326 2026 456 2058 libellus
482 2026 557 2068 περὶ
582 2026 754 2069 ἑρμηνείας
778 2025 874 2070 (173)
893 2037 957 2058 nou
978 2026 1170 2057 servavisset
1189 2024 1408 2056 definitionem
1428 2025 1474 2066 ip-

161 2089 228 2110 sam
249 2078 474 2122 Theophrasti,
493 2091 556 2121 qua
575 2081 695 2118 κάλλος
713 2080 875 2122 ὀνόματος
894 2079 1087 2121 explicatur,
1106 2089 1171 2110 non
1193 2077 1305 2109 debuit
1323 2077 1473 2119 Mayerus

159 2132 377 2174 fragmentum
394 2133 543 2175 Dionysii
557 2135 719 2176 appellare
733 2134 808 2175 περὶ
823 2133 1014 2171 συνθέσεως
1032 2131 1212 2172 ὀνομάτων.
1220 2131 1246 2174 ¹)
1274 2130 1378 2163 Immo
1397 2141 1472 2163 vero

160 2185 318 2227 Dionysio
342 2187 463 2229 gratias
488 2198 634 2230 agamus,
660 2187 747 2229 quod
773 2188 874 2219 totius
900 2186 1014 2229 capitis
1033 2185 1266 2228 Theophrastei
1293 2185 1331 2216 de
1357 2186 1472 2217 ornatu

252 2262 276 2295 1)
296 2242 367 2288 Visis
380 2270 406 2295 p.
424 2264 465 2287 72.
495 2261 625 2295 Mayerus
635 2262 671 2288 ob
686 2262 715 2288 id
726 2262 818 2296 ipsum
829 2261 1017 2296 Theophrasti
1027 2262 1135 2295 partem
1146 2260 1235 2286 multo
1251 2259 1372 2294 lougius,
1385 2267 1471 2293 quam

160 2308 254 2327 verum
275 2303 326 2332 est,
347 2301 376 2327 in
396 2302 480 2328 verba
501 2302 674 2336 Dionysiana
693 2302 876 2329 continuavit.
