1566 2592
173 142 216 173 38
755 141 846 177 Caput
863 141 910 169 111.

263 223 287 255 Ι.
303 222 519 265 Ἑλληνισμός
534 223 631 256 etiam
646 223 732 266 apud
747 223 954 256 Aristotelem
975 226 1025 256 est
1039 223 1122 266 ἀρχὴ
1137 229 1195 266 τῆς
1209 223 1326 262 λέξεως
1341 223 1423 266 (cap.
1433 222 1489 267 V).

174 277 224 309 Ex
245 277 386 319 quinque
405 277 595 320 praeceptis,
614 289 695 320 quae
715 278 887 321 congessit,
901 277 964 310 duo
980 277 1118 320 (scilicet
1136 277 1272 310 alterum
1291 280 1323 309 et
1342 275 1489 320 tertium)

175 331 278 374 magis
308 331 348 362 ad
377 330 517 372 ἐκλογὴν
543 330 716 373 ὀνομάτων
744 330 921 373 pertinent,
948 331 1090 373 primum
1113 333 1163 363 est
1181 331 1220 363 de
1246 333 1394 363 accurata
1412 339 1491 363 συν-

176 384 306 425 δέσμων
325 384 458 417 ratione.
465 383 490 427 ¹)
518 384 571 416 Ad
590 385 834 427 grammaticam
853 385 991 417 formam
1006 385 1111 416 tendit
1125 386 1277 426 quartum
1291 387 1323 416 et
1341 385 1490 426 quintum

175 439 389 480 praeceptum.

265 491 508 534 Theophrastus
523 494 555 524 et
570 491 671 524 Stoici
686 493 755 524 sine
770 491 868 524 dubio
884 492 957 534 plus
973 503 1088 534 operae
1104 491 1180 524 huic
1194 491 1278 534 parti
1298 491 1490 523 tribuerunt.

175 544 244 577 Iam
263 546 320 578 illa
343 547 447 578 aetate
472 547 503 578 οἱ
525 546 783 588 πεπαιδευμένοι
807 553 1002 588 magnopere
1029 545 1202 578 studebant
1229 555 1311 587 puro
1340 544 1491 577 sermoni.

176 598 335 637 Quoniam
357 599 450 631 nobis
470 599 508 631 de
528 599 752 641 Theophrasto
767 610 818 631 res
835 601 892 639 est,
912 599 945 631 in
965 601 1105 631 mentem
1125 599 1214 631 venit
1230 598 1367 631 fabellae
1386 597 1492 630 cuius-

177 653 250 684 dam
265 664 284 684 a
298 652 398 685 Fabio
414 653 549 685 traditae
560 652 709 696 (Quintil.
723 652 801 684 VIII
815 654 842 692 1,
853 652 901 696 2):
917 652 997 694 „Hic
1011 663 1078 685 non
1092 653 1231 685 alienam
1247 653 1296 684 est
1311 651 1492 694 admonere,

176 708 214 737 ut
228 707 292 738 sint
308 717 403 748 quam
424 707 556 739 minime
575 707 746 750 peregrina
759 709 792 739 et
807 708 951 748 externa3
971 706 1091 738 multos
1110 705 1205 746 enim,
1223 705 1340 747 quibus
1358 705 1491 747 loquen-

124 780 137 793 ε
176 759 208 791 di
227 760 311 791 ratio
331 770 397 792 non
416 760 506 802 desit,
525 760 677 801 invenies,
697 771 777 802 quos
797 761 922 792 curiose
941 751 1051 813 potui}
1070 759 1161 801 loqui
1181 758 1299 791 dixeris
1319 769 1415 801 quam
1432 757 1491 790 La-

177 813 253 854 tine,
273 814 435 855 quomodo
455 816 487 845 et
506 814 562 846 illa
581 813 691 846 Attica
710 825 790 845 anus
809 813 1080 855 Theophrastum,
1097 813 1262 844 hominem
1282 811 1428 854 alioquin
1445 811 1492 844 di-

177 867 399 908 sertissimum,
419 867 572 900 adnotata
591 867 686 899 unius
706 867 922 900 adfectatione
943 867 1030 899 verbi
1048 866 1211 908 hospitem
1231 865 1327 906 dixit,
1350 875 1411 897 nec
1427 864 1492 897 alio

177 931 210 952 se
230 921 263 952 id
287 920 534 962 deprehendisse
558 922 757 963 interrogata
784 921 964 963 respondit,
992 931 1089 962 quam
1113 919 1200 962 quod
1227 919 1364 951 nimium
1383 917 1493 952 Attice

177 974 384 1015 loqueretur“
403 973 456 1017 (ef.
473 974 535 1006 Cic.
551 974 641 1007 Brut.
659 975 743 1015 172).
771 974 859 1006 Haec
878 981 952 1006 sane
976 974 1086 1006 fabula
1110 975 1167 1005 est.
1196 972 1259 1005 Sed
1282 971 1392 1004 fabula
1415 981 1494 1014 quo-

178 1038 240 1069 que
260 1028 500 1060 demonstratur
518 1028 779 1070 Theophrastum
798 1038 916 1059 nomen
935 1027 1086 1060 habuisse
1104 1030 1239 1069 propter
1257 1025 1401 1058 studium
1419 1025 1494 1067 puri

178 1080 376 1124 sermonis.2)
405 1081 499 1114 Unde
519 1082 620 1114 conici
640 1084 749 1123 potest
763 1093 833 1113 eam
848 1083 972 1123 partem
988 1080 1115 1121 λέξεως,
1135 1091 1216 1122 quae
1231 1082 1300 1112 erat
1313 1078 1388 1122 περὶ
1404 1078 1495 1121 ἑλλη-

177 1140 314 1176 νισμοῦ,
338 1137 486 1168 accurate
506 1146 575 1167 esse
593 1137 776 1174 tractatam,
799 1135 978 1167 accuratius
998 1146 1093 1176 quam
1114 1145 1132 1164 a
1155 1134 1320 1176 magistro.
1348 1132 1423 1175 Ipsa
1440 1143 1493 1164 ars

179 1189 397 1231 grammatica,
416 1189 508 1222 cuius
527 1191 698 1230 praecepta
718 1189 765 1221 illi
785 1189 898 1220 virtuti
918 1188 1080 1229 suberant,
1099 1190 1174 1229 post
1192 1186 1402 1219 Aristotelem
1430 1197 1493 1218 ma-

179 1252 321 1284 gnopere
340 1244 434 1274 aucta
448 1245 505 1274 est.
535 1241 645 1283 Stoici,
665 1242 894 1284 grammaticae
913 1241 1078 1273 doctrinae
1097 1240 1335 1281 studiosissimi,
1353 1239 1492 1272 fortasse

181 1295 278 1327 etiam
297 1295 392 1337 plura
411 1296 635 1338 Theophrasto
655 1296 693 1328 de
713 1296 773 1328 hac
791 1296 911 1328 virtute
930 1297 1169 1337 praeceperunt.

268 1349 417 1382 Laertius
442 1350 548 1381 verbis
573 1350 651 1388 illis,
680 1350 796 1391 quibus
821 1349 1020 1391 ἑλληνισμόν
1044 1348 1219 1381 secundum
1244 1347 1372 1380 Stoicos
1395 1346 1494 1389 expli-

180 1403 279 1445 cavit,
296 1404 360 1434 iam
380 1403 551 1435 discrimen
569 1403 649 1435 facit
667 1403 751 1435 inter
770 1404 923 1445 τεχνικὴν
942 1404 1139 1444 συνήθειαν,
1159 1400 1423 1434 consuetudinem
1442 1411 1495 1433 eo·

180 1467 266 1498 rum,
286 1457 341 1498 qui
361 1459 428 1489 arte
448 1457 564 1489 imbuti
585 1459 673 1497 sunt,
693 1459 725 1488 et
744 1458 828 1488 inter
851 1458 980 1489 εἰκαίαν
1003 1457 1202 1498 συνήθειαν,
1230 1454 1494 1486 consuetudinem

181 1510 335 1542 cotidiani
354 1511 521 1552 sermonis,
539 1511 636 1542 nullis
656 1510 776 1553 regulis
795 1509 1010 1552 coercitam.³)
1039 1508 1231 1541 Oratoribus
1250 1508 1381 1550 τεχνικὴ
1396 1508 1495 1550 συνή-

181 1566 260 1596 θεια
278 1565 457 1603 necessaria
476 1566 533 1596 est.

271 1652 311 1684 ΙΙ.
323 1655 529 1696 Σαφήνεια
548 1655 638 1685 tanto
653 1654 810 1685 minorem
826 1653 942 1691 λέξεως
956 1654 1079 1694 partem
1098 1662 1254 1693 occupare
1269 1652 1396 1692 poterat
1409 1649 1497 1692 apud

181 1705 440 1748 Theophrastum
461 1709 493 1738 et
516 1706 652 1748 Stoicos,
681 1718 776 1748 quam
805 1707 891 1748 apud
913 1705 1131 1744 Aristotelem,
1159 1716 1223 1747 quo
1248 1705 1342 1746 plura
1364 1703 1438 1736 inde
1460 1703 1496 1736 in

182 1770 284 1792 novas
303 1763 367 1792 tres
388 1763 443 1792 aut
467 1762 620 1802 quattuor
640 1760 776 1792 virtutes
800 1760 936 1792 deducta
959 1761 1042 1791 sunt.
1076 1758 1300 1800 Quaecumque
1326 1757 1368 1789 ad
1391 1767 1496 1800 gram-

275 1881 299 1913 1)
319 1879 379 1906 Hoc
407 1881 589 1914 pracceptum
618 1880 813 1914 gravissimum
843 1879 1006 1914 putabatur,
1035 1880 1068 1905 ut
1092 1878 1175 1905 docet
1194 1876 1376 1904 Anaximenis
1395 1875 1448 1902 Ars
1467 1875 1497 1902 in

184 1919 295 1954 reliqua
314 1919 471 1947 elocutione
492 1920 560 1946 satis
580 1919 661 1946 exilis
680 1920 700 1951 ΙΊ
712 1923 762 1946 211
784 1919 845 1954 Sp.¹

274 1961 300 1994 2)
320 1959 360 1987 cf.
377 1959 497 1986 similem
512 1959 639 1986 fabulam
654 1959 689 1986 de
703 1961 812 1986 mutato
827 1959 939 1986 nomine
954 1958 1081 1993 Tyrtami
1095 1957 1125 1984 in
1139 1957 1362 1991 Theophrastum
1381 1959 1499 1991 propter

184 2000 353 2027 suavitatem
372 2000 515 2034 loquendi,
535 2008 619 2034 quam
639 2000 754 2026 tradunt
769 1999 879 2033 Strabo,
898 1999 991 2026 Laert.
1002 1998 1093 2034 Πίος,
1112 1998 1214 2025 Snidas
1229 1997 1396 2032 posteriores
1411 1996 1498 2023 Grae-

185 2040 250 2073 culi,
266 2040 454 2067 Romanorum
464 2040 553 2067 Varro
563 2040 733 2075 (Wilmanns
742 2049 769 2074 p.
783 2042 853 2074 186),
864 2039 970 2072 Cicero,
985 2039 1091 2066 Seneca
1106 2038 1142 2073 (N
1144 2040 1181 2064 at.
1195 2038 1307 2070 Quaest.
1321 2036 1356 2063 VI
1370 2044 1431 2071 cap.
1444 2038 1499 2070 18),

186 2080 312 2113 Quintil..
331 2080 448 2107 Plinius.
475 2080 600 2115 Utraque
627 2080 724 2107 fabula
743 2079 890 2114 Hermippi
917 2078 1064 2114 biographi
1090 2078 1236 2113 ingenium
1261 2085 1360 2112 sapere
1379 2076 1499 2110 videtur,

185 2121 235 2156 qui
263 2121 375 2155 scripsit
402 2122 463 2154 περὶ
494 2120 684 2155 Θεοφράστου.
714 2120 893 2147 Recentiores
921 2119 1067 2154 Hermippi
1094 2118 1206 2152 scriptis
1234 2125 1343 2152 semper
1370 2117 1428 2143 fere
1455 2116 1500 2144 uti

186 2161 323 2189 solebant.
627 2158 631 2162 '

276 2204 303 2235 3)
323 2201 382 2234 Quo
402 2210 435 2229 ex
455 2202 615 2228 discrimine
634 2203 732 2235 postea
755 2200 914 2234 ἀττικισμός
933 2202 1009 2227 ortus
1029 2203 1084 2232 est,
1108 2199 1156 2233 qui
1177 2208 1239 2225 cum
1263 2197 1415 2225 artificiosa
1433 2204 1499 2224 con-

186 2243 335 2270 suetudine
354 2241 524 2277 ἑλληνισμοῦ,
545 2242 656 2276 qualem
670 2241 881 2275 Theophrastus
901 2242 930 2267 et
944 2240 1031 2267 Stoici
1050 2239 1203 2274 postulant,
1223 2236 1428 2272 comparandus
1446 2238 1498 2264 est.

186 2283 227 2309 De
247 2283 403 2310 Stoicorum
422 2291 492 2317 puro
511 2291 637 2309 sermone
657 2282 720 2309 vide
739 2281 942 2308 Reitzenstein:
967 2280 1055 2307 Varro
1075 2280 1132 2306 und
1151 2279 1213 2306 Joh.
1234 2279 1393 2312 Manropus,
1412 2286 1438 2312 p.
1455 2279 1498 2310 80,

186 2333 213 2358 p.
230 2326 272 2357 62,
292 2323 326 2349 (le
346 2322 451 2350 Laertii
469 2322 632 2350 testimonio
652 2322 686 2348 de
706 2321 857 2348 virtutibus
878 2321 978 2348 Stoicis
997 2320 1103 2347 ibidem
1123 2319 1284 2353 Nachtriige
1303 2327 1330 2352 p.
1346 2320 1388 2344 90.
