1566 2592
216 134 258 161 De
276 133 409 160 virtutum
431 132 543 159 dicendi
562 132 592 158 in
611 131 722 165 scriptis
741 130 847 158 criticis
865 139 918 157 usu
939 130 1024 163 atque
1043 129 1160 156 ratione.
1307 128 1351 159 73

44 228 114 249 νειν
133 213 274 258 (ἀρεταί)
289 214 309 256 ἢ
324 214 553 255 φυλάττεσθαι
567 211 706 255 (κακίαι)
722 211 812 255 (περὶ
831 217 898 243 τῶν
918 210 987 252 ἀρχ.
1003 210 1071 252 ρητ.
1089 221 1114 242 c.
1129 210 1150 242 4
1169 222 1199 252 p.
1215 210 1348 253 450R.).

41 268 130 307 Quae
148 269 231 301 inter
249 268 354 309 capita
375 267 505 299 tertium
535 267 671 307 occupat
694 265 888 297 latissimum
917 264 1072 305 spatium3
1097 275 1172 295 nam
1199 264 1298 296 vitam
1318 266 1350 296 et

41 323 236 364 προαίρεσιν
253 321 429 362 Dionysius
448 319 587 351 breviter
610 320 747 350 tractare
767 317 894 360 solet¹),
918 328 1076 349 summam
1100 317 1353 359 uniuscuiusque

42 375 118 408 libri
138 376 274 407 collocat
291 374 325 405 in
343 373 516 405 virtutibus
536 373 575 403 ad
594 371 808 404 imitationem
829 370 1094 402 demonstrandis.

131 428 219 467 Quae
243 429 350 459 autem
374 427 510 458 virtutes
536 437 554 457 a
579 425 736 466 Dionysio
763 425 803 456 ad
828 424 947 456 iudicia
973 424 1103 456 ferenda
1129 424 1353 463 adhibeantur,

44 482 108 514 iam
127 481 298 514 videamus.

147 533 255 575 Atque
274 533 415 575 primum
434 532 563 574 quidem
581 543 661 574 opus
676 533 724 563 est
743 531 897 563 iudicium
913 531 951 563 de
966 530 1064 573 Lysia
1083 531 1262 563 accuratius
1282 542 1351 572 per-

42 597 179 628 censere,
197 587 348 628 quoniam
368 586 544 628 Dionysius
562 585 631 627 ipse
650 585 683 616 in
702 584 909 626 sequentibus
934 583 1060 615 iudiciis
1079 584 1119 615 ad
1139 583 1266 615 criteria
1283 585 1351 625 pri-

44 651 113 673 mae
131 641 232 682 partis
251 640 354 672 redire
373 639 463 671 solet.

131 692 250 725 Omnes
265 693 400 725 virtutes
416 693 614 735 colliguntur
627 691 866 723 enumeratione
886 702 910 722 e.
924 691 964 722 13
979 702 1009 733 p.
1020 691 1086 722 482
1092 690 1135 722 R:
1154 689 1220 722 Καὶ
1235 691 1275 722 τὰ
1289 690 1353 732 μὲν

42 746 118 790 περὶ
137 747 198 788 τὴν
217 746 393 788 ἑρμηνείαν
412 745 524 787 ἀγαθὰ
542 750 603 777 τοῦ
623 745 761 787 ῥήτορος
779 748 893 776 ταῦτα·

158 835 181 867 Ι.
206 835 249 867 Τὸ
268 835 420 877 καθαρὸν
438 839 506 866 τῶν
524 834 708 875 ὀνομάτων,
726 834 746 875 ἡ
766 833 918 875 ἀκρίβεια
937 838 994 875 τῆς
1014 833 1189 866 διαλέκτου
1209 832 1247 875 (c.
1263 833 1308 876 2).

142 887 183 921 Π.
209 889 252 920 Τὸ
273 889 328 920 διὰ
346 893 414 920 τῶν
432 889 558 930 κυρίων
576 887 631 919 καὶ
650 888 693 928 μὴ
712 893 881 929 τροπικῶν
904 892 1117 919 κατασκευῶν
1140 886 1294 928 ἐκφέρειν
1312 888 1353 918 τὰ

204 943 352 983 νοήματα
371 940 411 983 (ο.
427 939 503 983 3).³)

128 994 185 1027 III.
206 995 250 1026 ‘H
265 995 429 1036 σαφήνεια
449 993 488 1037 (e.
503 994 525 1026 4
543 994 647 1036 prima
666 993 764 1037 pars).

127 1047 183 1080 IV.
198 1047 244 1080 ‘H
259 1041 402 1088 συνῦμία
422 1046 460 1091 (ο.
475 1047 497 1078 4
515 1047 616 1079 altera
635 1059 709 1089 pars
729 1049 760 1079 et
780 1059 804 1079 c.
820 1047 850 1088 5,
869 1047 955 1089 quod
974 1046 1091 1079 iniuria
1105 1059 1123 1078 a
1143 1047 1249 1089 priore
1264 1058 1354 1088 sepa-

206 1084 334 1144 ratur?

144 1154 183 1187 V.
208 1155 251 1187 Τὸ
271 1153 469 1196 συστρέφειν
487 1166 523 1186 τε
541 1154 596 1186 καὶ
615 1156 865 1196 στρογγυλίζειν
883 1155 923 1186 τὰ
942 1156 1090 1196 νοήματα
1109 1152 1149 1197 (c.
1166 1154 1209 1195 6).

131 1207 187 1240 VI.
211 1208 256 1240 Τὸ
274 1207 339 1240 ὑπὸ
359 1208 416 1246 τὰς
436 1208 609 1250 αἰσθήσεις
628 1209 722 1249 ἄγειν
741 1209 780 1240 τὰ
800 1208 988 1249 δηλούμενα
1003 1223 1038 1234 ω
1053 1207 1206 1249 ἐνάργεια
1226 1206 1265 1250 (ο.
1283 1207 1326 1250 7).

111 1260 184 1293 VII.
208 1261 251 1293 Τὸ
271 1259 375 1303 μηδὲν
393 1262 524 1303 ἄψυχον
547 1261 771 1293 ὑποτίθεσθαι
795 1262 976 1302 πρόσωπον
1000 1259 1081 1303 μηδὲ
1105 1261 1355 1303 ἀνηθοποίητον

203 1313 380 1357 (ήθοποιΐα
399 1325 423 1346 c.
440 1314 484 1357 8).

94 1367 183 1400 VIII.
198 1367 245 1399 ‘H
259 1373 316 1409 τῆς
335 1368 526 1406 συνθέσεως
549 1374 616 1400 τῶν
640 1368 812 1408 ὀνομάτων
834 1368 939 1409 ἡδονὴ
962 1367 1166 1409 μιμουμένης
1188 1368 1246 1400 τὸν
1267 1369 1354 1400 ἰδιώ-

205 1433 266 1462 την
286 1420 440 1463 (pertinet
459 1421 556 1452 etiam
575 1421 615 1453 ad
633 1421 825 1463 ἠθοποιΐαν,
844 1423 880 1453 ut
900 1421 992 1453 docet
1011 1421 1126 1462 capitis
1146 1421 1165 1452 8
1191 1432 1355 1454 connexus

206 1474 460 1517 sententiarum).

130 1526 184 1559 IX.
209 1528 253 1559 Τὸ
271 1532 341 1566 τοῖς
359 1527 588 1569 ὑποκειμένοις
605 1529 795 1569 προσώποις
813 1528 867 1560 καὶ
885 1528 1054 1570 πράγμασι
1073 1529 1152 1565 τοὺς
1169 1527 1356 1568 πρέποντας

207 1580 424 1623 ἐφαρμόττειν
456 1582 576 1622 λόγους
609 1580 650 1624 (c.
670 1581 690 1613 9
723 1583 767 1613 Τὸ
795 1581 924 1623 πρέπον
950 1600 990 1604 -
1013 1583 1191 1623 κρατίστην
1219 1581 1356 1613 ἁπασῶν

206 1634 327 1676 ἀρετὴν
352 1634 407 1666 καὶ
430 1635 655 1676 τελειοτάτην,
681 1634 770 1676 ὁρῶν
788 1635 892 1676 αὐτὴν
910 1636 994 1677 πρός
1008 1646 1042 1667 τε
1063 1635 1122 1667 τὸν
1142 1635 1280 1676 λέγοντα
1301 1633 1355 1666 καὶ

140 1741 165 1774 1)
185 1740 285 1767 Confer
297 1740 347 1767 has
362 1741 455 1774 partes
470 1740 570 1766 iudicii
585 1741 619 1767 de
634 1740 718 1774 Lysia
737 1740 758 1766 Ι.
776 1738 826 1771 Τίς
839 1740 854 1766 ὁ
870 1739 987 1771 Λυσίαςε
1008 1749 1031 1767 c.
1046 1741 1059 1767 I
1077 1739 1354 1774 Λυσίας--Άθήνησι,

558 1780 591 1807 11.
609 1779 659 1812 Τίς
676 1780 693 1814 ἡ
713 1779 885 1814 προαίρεσιςι
908 1789 930 1808 c.
945 1781 958 1807 I
976 1780 1355 1814 πλείστους-φαυλοτάταις.

546 1820 592 1847 ΙΠ.
607 1820 713 1848 Λυσίου
732 1819 810 1853 λέξις.

607 1863 634 1895 a)
653 1859 751 1895 ἀρεταί
770 1869 791 1887 c.
807 1860 940 1888 II—XIII.

608 1901 636 1935 b)
656 1899 753 1927 κακίαι
773 1909 796 1928 c.
811 1900 920 1935 XIVsq.

139 1940 269 1975 Sequitur
286 1941 478 1976 πραγματικὸς
495 1940 589 1974 τόπος,
603 1941 706 1968 deinde
725 1941 861 1975 exempla.
890 1940 996 1975 Ἀρετάς
1011 1942 1105 1968 autem
1120 1941 1257 1975 μιμήσεως
1272 1949 1358 1967 causa

49 1980 234 2007 demonstrari
252 1981 402 2015 Dionysius
426 1981 529 2007 iterum
548 1983 634 2015 atque
657 1981 768 2015 saepius
793 1981 933 2008 admonet.
963 1981 1001 2008 Ut
1019 1990 1105 2007 unum
1125 1980 1240 2008 afferam
1266 1989 1356 2007 exem-

50 2019 137 2054 plum,
157 2021 255 2047 audias
269 2021 339 2047 haec
354 2021 449 2048 verba:
468 2020 550 2048 Μίαν
564 2021 614 2055 μὲν
628 2021 664 2055 δὴ
683 2022 787 2056 ταύτην
806 2021 907 2056 ἀρετὴν
927 2020 1120 2056 (καθαρότητα
1139 2020 1254 2055 Λυσίου)
1275 2020 1357 2053 ἀξίαν

50 2059 131 2093 ζήλου
150 2061 198 2087 καὶ
216 2060 352 2095 μιμήσεως
376 2061 493 2095 εὑρίσκω
512 2061 589 2095 παρὰ
608 2064 645 2098 τῷ
661 2060 757 2095 ῥ’ήτορι
776 2061 824 2088 καὶ
847 2061 1102 2096 παρεκελευσαίμην
1121 2060 1158 2088 ἂν
1180 2066 1238 2092 τοῖς
1261 2062 1358 2096 βουλο-

50 2099 144 2134 μένοις
162 2102 297 2134 καθαρῶς
314 2100 434 2135 γράφειν
449 2100 466 2135 ἣ
482 2101 570 2136 λέγειν
590 2102 698 2129 ἐκεῖνον
716 2100 766 2129 τὸν
784 2101 876 2135 ἄνδρα
894 2104 1039 2128 ποιεῖσθαι
1058 2101 1237 2136 παράδειγμα
1256 2101 1359 2135 ταύτης

48 2143 99 2173 τῆς
116 2140 224 2174 ἀρετῆς.
252 2140 314 2174 Lys.
334 2149 356 2167 ο.
372 2144 396 2173 2,
415 2150 442 2175 p.
458 2141 540 2167 4553
559 2141 622 2168 vide
640 2142 726 2169 etiam
749 2151 774 2176 p.
790 2144 843 2168 464
862 2141 933 2174 init„
952 2144 1004 2168 469
1024 2142 1095 2175 init„
1114 2144 1165 2168 470
1186 2141 1276 2174 finem,
1297 2144 1359 2174 471,

49 2182 103 2206 482
123 2181 176 2207 etc.

139 2221 165 2254 2)
185 2219 270 2247 Cuius
290 2220 392 2254 capitis
415 2221 496 2248 initio
515 2221 587 2248 falso
612 2221 726 2256 supplet
746 2220 900 2256 ‘spumam’
921 2222 1170 2254 Radermacherus,
1196 2221 1288 2253 ’λέξις’
1309 2221 1358 2247 Sa-

50 2259 146 2287 daeus.
181 2260 234 2292 Qui
252 2260 318 2287 inde
344 2260 380 2287 ab
406 2262 529 2288 extremo
553 2270 576 2288 c.
592 2265 608 2288 2
636 2262 722 2288 verba
750 2262 886 2296 sequitux,
914 2261 1016 2296 ἀρετὴν
1044 2261 1264 2296 intellegendam
1293 2263 1359 2295 (non

51 2300 249 2335 supplendam)
269 2308 328 2327 esse
347 2300 554 2328 animadvertit.
583 2301 707 2335 Δευτέρα
725 2302 795 2329 haec
814 2302 902 2328 virtus
921 2303 1084 2329 numeratur
1102 2311 1128 2336 p.
1144 2301 1233 2328 460R.
