1566 2592
181 135 224 166 96
752 135 845 172 Caput
862 136 921 165 VII.

180 218 288 248 autem
308 217 370 249 tria
389 227 506 260 genera
525 228 582 259 per
600 217 724 250 litteras
743 218 929 260 rhetoricae,
948 221 986 251 ut
1004 219 1067 252 hoc
1081 220 1254 261 probemus
1274 239 1316 243 —
1335 221 1498 254 neminem

179 271 260 311 puto
279 269 496 312 Theophrasti
515 271 598 303 libro
617 270 692 313 περὶ
712 271 828 311 λέξεως
847 283 884 304 ea
903 273 966 304 iam
986 273 1214 315 impositurum
1235 285 1311 306 esse.

270 323 398 356 Primus
417 325 595 357 audiendus
614 327 663 357 est
682 324 800 358 Fabius
814 326 864 369 (L.
879 325 969 369 XII),
988 327 1079 359 cuius
1098 327 1319 359 institutiones
1338 338 1411 360 cum
1430 338 1499 360 om-

179 387 251 408 nem
279 377 389 409 orbem
417 378 495 410 artis
522 378 792 420 complectantur,
821 379 960 412 dilucide
986 380 1174 422 ostendunt,
1202 392 1265 423 qua
1291 392 1437 424 quaeque
1462 381 1497 414 in
1560 387 1566 419 ζ

178 433 269 472 parte
288 433 458 473 praecepta
476 432 664 464 collocanda
683 433 756 465 sint.
794 432 976 475 Utrumque
997 436 1103 466 autem
1123 434 1344 475 tractabimus,
1363 437 1395 466 et
1414 445 1497 477 quae

178 485 221 516 sit
240 495 393 527 generum
413 486 496 517 ratio
516 486 602 528 apud
621 497 695 518 eum
714 488 746 518 et
766 497 829 528 qua
848 486 882 518 in
901 489 991 528 parte
1011 487 1117 529 operis
1137 487 1201 519 sint
1220 488 1373 530 exposita.

268 537 382 580 Neque
401 539 486 571 enim
506 550 618 581 unam,
639 539 694 572 sed
713 540 855 572 diversas
875 540 959 572 inter
977 551 1012 572 se
1031 540 1205 573 divisiones
1223 552 1376 584 generum
1397 541 1496 580 Quin-

178 591 312 624 tilianus
332 594 468 624 enarrat.
497 592 690 625 Accuratius
711 594 839 625 demum
860 594 1062 636 perquirenti
1081 595 1159 626 duas
1173 595 1334 627 numerari
1352 595 1495 628 rationes

176 656 216 677 ex
239 646 336 677 variis
361 647 526 678 vocabulis
549 647 698 679 occurrit.
731 646 815 679 Nam
836 658 909 679 cum
928 647 979 679 his
998 648 1105 680 verbis
1123 648 1296 680 transitum
1315 649 1412 681 faciat
1430 647 1494 682 XII

179 698 229 740 10,
246 699 303 731 58:
322 699 452 740 „Altera
471 702 520 731 est
540 700 670 741 divisio,
690 711 771 741 quae
791 701 824 732 in
844 703 910 732 tres
930 703 1036 742 partes
1056 703 1088 733 et
1107 701 1177 743 ipsa
1196 701 1359 743 discedit“,
1376 702 1494 742 omnia,

177 763 259 793 quae
279 753 317 784 de
337 753 508 795 generibus
528 753 734 795 praecedant,
758 756 794 785 ut
813 754 853 786 ad
875 765 970 786 unam
996 754 1205 796 partitionem
1228 755 1418 798 referamus,
1439 755 1493 788 ad-

176 816 354 838 monemur.
383 806 471 844 Quae
495 809 601 838 autem
628 809 677 839 est
700 807 779 839 haec
802 808 906 849 prima
925 819 1079 850 generum
1099 808 1238 841 divisio?
1265 808 1363 841 Initio
1382 808 1494 842 rhetor

176 859 301 891 dicendi
325 871 443 902 genera
467 871 539 892 cum
563 861 743 902 pictoribus
767 863 799 893 et
822 862 988 893 statuariis
1012 863 1177 903 comparat
1201 861 1278 905 (XLI
1299 862 1354 903 10,
1369 862 1492 905 3sqq.).

175 912 222 946 Ut
249 913 411 955 pictorum
439 915 550 956 primi,
583 914 638 956 qui
667 915 751 947 inter
778 917 901 947 veteres
930 915 1089 957 probandi
1117 917 1206 957 sunt,
1234 915 1436 959 Polygnotus
1459 919 1492 950 et

175 966 371 1009 Aglaophon
397 968 638 1010 simplicitatem
665 970 842 1010 praestant,
877 968 994 1001 Zeuxis
1024 971 1056 1001 et
1079 969 1269 1002 Parrhasius
1295 970 1492 1002 ornamentis

174 1020 278 1063 magis
298 1021 361 1052 iam
381 1021 564 1064 indulgent,
583 1022 724 1063 pictores
743 1022 893 1064 denique,
913 1022 969 1064 qui
987 1022 1163 1055 Alexandri
1181 1025 1285 1055 aetate
1304 1023 1492 1066 floruerunt,

173 1074 236 1105 etsi
255 1086 372 1117 genere
392 1077 467 1107 sunt
486 1075 617 1117 diversi,
641 1078 750 1108 tamen
769 1076 803 1108 111
822 1076 1014 1108 ostentanda
1033 1079 1102 1108 arte
1121 1079 1154 1108 et
1171 1077 1206 1108 in
1224 1077 1386 1109 variandis
1405 1076 1492 1109 colo-

173 1127 263 1159 ribus
282 1129 353 1170 pari
372 1129 480 1160 studio
499 1129 647 1172 flagrant,
667 1131 704 1161 ut
722 1139 819 1171 porro
835 1130 919 1162 inter
934 1130 1109 1162 statuarios
1123 1132 1305 1172 temporum
1319 1130 1491 1165 intensus

173 1181 294 1213 similes
315 1182 442 1214 ordines
462 1183 617 1224 efficiunt,
636 1194 710 1215 cum
729 1183 870 1224 primum
892 1183 971 1215 dura
990 1183 1146 1225 quaedam
1166 1194 1264 1225 opera
1282 1184 1490 1227 fingerentur,

173 1234 287 1267 deinde
306 1236 464 1278 molliora,
484 1239 553 1268 tum
574 1236 700 1268 demum
722 1237 800 1268 artis
819 1237 904 1268 ratio
923 1237 1054 1279 elegans
1068 1239 1101 1269 et
1115 1237 1220 1279 polita
1233 1248 1251 1268 a
1266 1236 1400 1270 diversis
1413 1238 1490 1271 arti-

172 1288 288 1320 ficibus
309 1289 434 1322 diversa
454 1290 663 1331 excoleretur,
683 1290 728 1322 ita
748 1292 911 1322 oratorum
927 1291 989 1322 tria
1003 1302 1121 1334 genera
1135 1291 1361 1323 discernuntur
1373 1292 1488 1324 aetate.

172 1341 242 1379 Quo
258 1343 462 1385 vetustiores,
482 1355 519 1376 eo
534 1343 730 1376 horridiores
745 1346 836 1376 erant
852 1346 1004 1386 oratores,
1023 1346 1055 1376 et
1069 1355 1106 1376 eo
1121 1344 1225 1387 magis
1241 1344 1393 1376 carebant
1405 1346 1487 1387 arte;

170 1395 237 1427 vim
262 1398 370 1428 tamen
394 1399 426 1429 et
450 1397 641 1440 dignitatem
666 1397 826 1439 quandam
851 1398 948 1429 etiam
971 1399 1095 1430 veteres
1114 1397 1223 1439 adepti
1242 1400 1327 1430 sunt.
1357 1397 1487 1431 Vetnsti

170 1452 203 1482 et
226 1450 351 1482 horridi
375 1452 450 1482 sunt
473 1450 615 1492 Laelius,
638 1450 826 1493 Africanus,
850 1450 944 1492 Cato,
972 1450 1148 1493 Gracchus,
1176 1451 1232 1493 qui
1254 1451 1430 1495 Polygnoti
1452 1452 1487 1484 in

169 1503 350 1544 pictoribus
374 1503 481 1535 locum
506 1504 662 1536 obtinent.
691 1504 833 1536 Medium
858 1507 890 1536 et
913 1507 1018 1536 aetate
1042 1507 1074 1537 et
1097 1507 1165 1537 arte
1188 1505 1328 1547 spatium
1353 1504 1486 1538 Crassus

169 1558 202 1588 et
221 1556 415 1589 Hortensius
435 1560 602 1599 occupant.
631 1557 785 1599 Sequitur
803 1559 901 1590 tertio
923 1559 996 1591 loco
1019 1570 1137 1602 magna
1159 1559 1255 1591 turba
1278 1569 1403 1601 eorum,
1428 1558 1486 1601 qui

170 1606 278 1642 omnia
302 1611 381 1642 artis
405 1613 594 1644 ornamenta
617 1613 796 1654 ostentant,
822 1612 876 1644 sed
901 1613 1033 1654 propria
1056 1611 1163 1644 indole
1187 1612 1220 1644 in
1244 1612 1348 1644 varias
1371 1612 1486 1645 distm-

168 1663 291 1696 huntur
309 1665 440 1706 species.

259 1716 311 1749 Ad
334 1717 416 1750 hanc
441 1730 594 1761 generum
619 1718 823 1760 divisionem,
850 1730 932 1761 quae
955 1721 1025 1751 tota
1047 1719 1166 1761 pendet
1189 1719 1229 1751 ab
1253 1730 1411 1752 annorum
1433 1730 1484 1752 or-

168 1771 241 1803 dine
249 1771 284 1814 ¹),
304 1771 522 1810 Quintilianus
542 1772 690 1815 adiungit
703 1772 888 1805 Atticorum
903 1775 936 1805 et
950 1772 1146 1805 Asianorum
1161 1773 1369 1815 partitionem
1383 1772 1482 1806 nullis

167 1825 263 1857 certis
278 1826 396 1857 finibus
412 1828 600 1868 separatam,
618 1828 654 1857 ut
669 1837 705 1858 ea
720 1837 848 1868 quoque
862 1827 966 1868 magis
981 1826 1020 1858 ad
1035 1826 1150 1858 aetatis
1166 1837 1262 1868 quam
1277 1825 1318 1858 ad
1331 1826 1482 1859 dictionis

167 1878 381 1911 differentiam
404 1879 565 1921 pertinere
589 1879 742 1911 videatur.
772 1879 971 1922 „Plurimum
994 1882 1102 1912 tamen
1125 1879 1323 1923 (orationum
1343 1878 1479 1922 formae)

166 1932 303 1964 invicem
324 1933 484 1971 differunt,
502 1944 562 1965 nec
581 1933 685 1965 solum
706 1934 811 1975 specie
827 1958 833 1965 .
850 1959 854 1964 .
872 1959 878 1965 .
897 1933 952 1965 sed
971 1944 1087 1976 genere
1106 1934 1186 1975 ipso,
1205 1935 1242 1964 ut
1257 1931 1386 1966 Graecis
1400 1932 1482 1966 'Pus-

166 1986 294 2018 canicae
314 1988 451 2026 statuae,
470 1988 506 2018 ut
525 1986 665 2018 Asianus
685 1987 838 2028 eloquens
858 1986 988 2018 Attico“
1012 1986 1088 2029 (XII
1110 1987 1160 2027 10,
1178 1986 1220 2029 1).
1248 1986 1295 2019 Ut
1313 1989 1420 2018 autem
1439 1997 1479 2019 ex

165 2041 271 2071 aetate
290 2040 353 2072 tria
367 2051 485 2082 genera
500 2042 662 2072 oratorum
679 2040 840 2081 discernit,
861 2041 906 2072 ita
921 2040 1143 2072 similitudinis
1157 2040 1370 2082 perficiendae
1384 2051 1481 2072 causa

165 2093 297 2125 tertium
317 2104 418 2135 genus
438 2093 638 2125 Rhodiorum
659 2093 748 2125 addit
766 2093 923 2136 genuinae
943 2093 1145 2135 bipartitioni
1164 2093 1240 2137 (XII
1258 2092 1386 2137 10,18).
1417 2092 1481 2126 Sed

164 2146 199 2178 in
219 2147 415 2188 exponendis
433 2146 618 2179 Atticorum
638 2149 671 2179 et
689 2146 884 2179 Asianorum
903 2147 1073 2190 generibus
1093 2147 1344 2189 disputationem
1364 2158 1383 2179 a
1401 2149 1480 2179 tem-

163 2211 279 2242 porum
304 2200 456 2243 gradibus
481 2202 593 2232 avocat
616 2202 648 2233 et
667 2201 707 2232 ad
725 2201 829 2242 ipsam
849 2200 974 2233 dicendi
994 2201 1151 2233 rationem
1171 2211 1315 2232 reversus
1337 2200 1478 2232 ostendit

256 2276 280 2310 1)
301 2275 425 2302 Similem
441 2283 474 2301 ex
489 2283 626 2302 annorum
641 2275 740 2309 spatiis
755 2275 965 2302 distinctionem
979 2282 1112 2310 generum
1127 2275 1242 2309 exponit
1256 2274 1312 2301 Cic.
1328 2274 1368 2301 De
1383 2274 1428 2301 Or.
1441 2273 1476 2307 n.

164 2318 197 2342 92
208 2324 267 2349 sqq.
295 2315 330 2342 cf.
350 2315 394 2342 Br.
411 2318 511 2349 2quq.
