1566 2592
364 110 404 137 De
424 110 558 137 virtutum
577 109 689 136 dicendi
708 109 784 143 apud
804 109 943 136 Romanos
962 109 1079 135 ratione.
1340 109 1380 140 71

166 192 440 226 Pronuntiationis
459 191 574 222 divisio
589 191 623 222 in
637 201 748 222 vocem
764 192 795 222 et
814 193 938 222 motum
958 190 1102 232 corporis
1117 190 1157 221 ab
1177 191 1246 232 ipsa
1265 192 1379 221 natura

76 247 187 280 oblata
201 245 285 288 apud
295 256 404 277 omnes
418 245 586 286 reperitur.
605 243 713 286 Atque
724 243 833 275 Cicero
842 243 866 285 ¹)
877 246 909 275 et
918 243 1041 275 Auctor
1051 244 1091 275 ad
1102 243 1298 275 Herennium
1306 242 1331 286 ²)
1343 254 1380 274 ea

77 301 233 333 divisione
252 299 393 332 contenti
411 299 580 340 praecepta
600 297 707 329 omnia
726 296 766 328 iis
785 297 944 337 capitibus
965 297 1128 328 subiciunt
1152 296 1379 328 distribuentes

77 356 199 386 motum
217 352 357 394 corporis
373 351 407 383 in
417 352 542 383 vultum
560 352 592 382 et
608 351 742 392 gestum.
765 348 983 387 Quintilianus
996 349 1127 391 primus,
1142 360 1235 390 quem
1250 361 1309 381 nos
1322 350 1380 382 sci-

77 418 158 448 mus,
172 407 259 438 illam
273 405 462 437 divisionem
473 414 545 435 cum
561 405 714 445 quattuor
725 402 908 443 virtutibus,
923 414 1002 444 quas
1017 402 1206 434 elocutionis
1222 413 1290 434 esse
1301 403 1380 447 vidi-

77 471 156 500 mus,
173 458 214 490 ad
231 458 407 498 ὑπόκρισιν
430 457 593 489 translatis
612 456 806 498 permiscuit.
835 455 880 487 XI
896 456 926 496 3,
936 456 992 487 30:
1010 455 1105 497 „Non
1124 456 1185 487 alia
1205 458 1254 487 est
1272 458 1379 488 autem

72 513 158 546 ratio
171 511 452 554 pronuntiationis,
472 521 567 552 quam
583 510 684 551 ipsius
703 509 866 541 orationis.
890 520 964 541 nam
984 511 1019 541 ut
1034 509 1090 541 illa
1109 509 1280 549 emendata,
1300 509 1380 541 dilu-

71 567 155 607 cida,
170 567 291 606 ornata,
305 567 381 605 apta
396 575 463 596 esse
478 563 581 604 debet,
596 563 640 594 ita
655 563 734 595 haec
748 573 878 604 quoque
896 564 1058 594 emendata
1077 562 1137 594 erit
1152 587 1159 594 .
1175 588 1181 594 .
1197 589 1202 594 .
1219 588 1225 593 .
1240 563 1380 594 dilucida

73 629 149 651 vero
164 619 224 651 erit
234 617 291 661 (33
298 617 380 660 sqq.)
395 620 507 649 ornata
521 618 570 648 est
583 616 802 658 pronuntiatio
819 641 824 647 .
841 641 846 647 .
862 641 869 647 .
885 642 891 648 .
907 615 1081 658 (40sqq.)“.
1101 615 1208 657 Atque
1224 615 1285 647 tria
1300 615 1378 647 haec

71 672 182 714 priora
201 672 241 703 ad
256 672 356 703 solam
376 681 475 703 vocem
493 670 600 711 refert,
614 681 653 701 ex
670 670 719 710 iis,
738 680 818 710 quae
837 671 1023 710 sequuntur,
1041 669 1262 710 perspicimus,
1282 680 1380 710 quan-

71 727 184 766 topere
213 726 403 756 concurrant
429 724 562 755 virtutes
586 734 658 755 cnm
677 723 782 764 priore
811 722 974 754 divisione.
1004 722 1149 764 ‘Aptum'
1170 723 1265 764 enim,
1294 722 1379 764 quod

72 780 224 820 quartum
242 779 397 819 numerat,
416 777 456 808 ad
475 778 602 819 gestum
622 787 686 808 non
706 777 812 808 minus
832 787 927 817 quam
947 775 987 806 ad
1006 786 1116 807 vocem
1141 775 1288 816 pertinet.
1316 774 1379 807 Ita-

72 842 136 873 que
154 833 326 873 postquam
346 831 508 872 praefatus
528 831 577 861 est
595 831 614 869 ἓ
629 830 684 861 61:
708 828 794 870 „Iam
813 829 898 860 enim
918 831 1045 870 tempus
1065 830 1114 860 est
1134 828 1272 870 dicendi,
1297 839 1378 870 quae

71 885 117 917 sit
135 888 211 925 apta
228 883 478 925 pronuntiatio“‚
497 883 621 915 inhibet
635 894 764 915 cursum
783 884 802 922 ἓ
818 882 874 914 65:
892 882 996 923 „Quid
1010 883 1116 913 autem
1132 882 1268 923 quisque
1287 882 1321 913 in
1335 881 1381 914 di-

70 938 173 970 cendo
188 937 442 979 postulabimus,
456 937 575 978 paulim
593 936 747 976 differam,
765 938 801 967 ut
816 936 853 967 de
864 938 950 976 yestu
966 936 1057 977 prius
1076 935 1206 970 dicam&
1234 934 1379 977 Apparet

73 991 208 1023 virtutes
232 1001 270 1022 ex
298 990 477 1022 elocutione
505 990 538 1021 in
566 989 702 1021 alienam
729 989 1001 1030 pronuntiationis
1027 988 1216 1020 divisionem
1241 999 1309 1021 esse
1332 989 1379 1020 in-

70 1046 200 1076 sertam.

161 1097 349 1135 Quintiliani
364 1097 519 1128 rationem
539 1096 686 1127 imitatur
700 1094 826 1127 chirius
837 1095 862 1126 F
864 1095 1087 1127 ortunatianus
1102 1106 1131 1136 p.
1145 1095 1207 1126 132
1214 1095 1257 1127 H:
1272 1095 1377 1137 „Quae

70 1151 153 1183 ratio
173 1153 222 1182 est
241 1150 445 1191 elocutionis,
464 1161 500 1181 ea
520 1152 568 1181 est
588 1152 619 1181 et
643 1149 929 1191 pronuntiationis,
957 1160 998 1180 an
1025 1149 1111 1180 non?
1140 1160 1185 1180 ea.
1218 1147 1283 1180 Cur
1311 1150 1377 1181 ita?

70 1203 223 1245 qnoniam
242 1206 279 1235 ut
298 1203 436 1235 elocutio
455 1203 618 1235 emendata
637 1213 705 1234 esse
725 1202 831 1243 debet,
854 1203 1004 1243 dilucida,
1027 1205 1151 1243 ornata,
1174 1205 1262 1243 apta,
1282 1202 1327 1234 ita
1346 1206 1377 1234 et

71 1255 352 1299 pronuntiatio“.⁸)
378 1256 468 1294 >Quae
486 1258 654 1298 praecepta
673 1255 945 1297 pronuntiationis
961 1255 1097 1298 singulis
1112 1256 1286 1288 virtutibus
1304 1256 1376 1287 sub-

68 1310 140 1342 dita
157 1310 231 1349 sint,
249 1321 352 1351 neque
370 1311 481 1341 nostra
500 1309 633 1340 interest
651 1311 684 1340 et
702 1319 741 1340 ex
760 1308 959 1346 Quintiliano
979 1309 1073 1340 facile
1091 1309 1296 1350 comperitur.
1325 1309 1376 1341 In-

71 1364 201 1406 genium
222 1363 299 1404 eius,
319 1363 374 1404 qui
392 1362 665 1404 pronuntiationis
684 1365 784 1393 artem
804 1362 927 1403 primus
946 1362 985 1393 ad
1005 1362 1167 1403 exemplar
1185 1362 1375 1395 elocutionis

71 1416 268 1456 instruxerit,
281 1415 374 1447 facile
389 1416 461 1456 quis
479 1414 729 1457 reprehendet&
759 1414 994 1456 Supervacuum
1015 1417 1094 1456 puto
1110 1426 1177 1446 esse
1192 1415 1376 1457 Theophra-

69 1471 159 1501 stum
177 1469 216 1500 ab
236 1480 273 1500 eo
293 1469 425 1501 crimine
445 1468 620 1500 defendere.
649 1467 711 1499 Sed
730 1479 770 1500 ne
789 1468 980 1500 recentiores
1000 1469 1129 1510 quidem
1147 1468 1292 1500 rhetores
1311 1470 1375 1502 elo-

71 1523 211 1555 cutionis
230 1522 364 1554 virtutes
379 1532 450 1553 cum
466 1522 726 1563 pronuntiatione
741 1521 969 1562 confudissent,
983 1521 1045 1553 nisi
1060 1533 1183 1553 summa
1198 1522 1271 1554 illae
1286 1533 1374 1564 prae-

70 1575 158 1607 ditae
177 1576 313 1607 fuissent
332 1576 530 1607 auctoritate.
560 1574 652 1613 Quod
672 1575 832 1616 quomodo
852 1575 920 1606 fieri
941 1576 1056 1616 potuit,
1075 1575 1102 1606 si
1120 1586 1230 1607 revera
1249 1574 1373 1607 Tullius

67 1639 124 1660 eas
143 1639 183 1660 ex
202 1629 324 1660 sincero
343 1629 431 1660 fonte
452 1628 572 1660 Graeco
593 1628 804 1669 depravasset,
825 1629 852 1660 si
872 1627 981 1660 Graeci
1001 1628 1146 1659 rhetores
1165 1628 1260 1660 aliam
1279 1629 1374 1660 ratio-

67 1692 142 1713 nem
163 1681 367 1714 docuissent?
386 1681 662 1713 Pronuntiationis
682 1681 815 1713 virtutes
835 1692 905 1713 mea
925 1682 1082 1713 sententia
1101 1681 1297 1722 praeclaram
1312 1682 1373 1714 ori-

66 1735 177 1777 ginem
197 1736 229 1766 et
247 1735 471 1766 auctoritatem
491 1737 643 1776 quattuor
662 1735 817 1766 virtutum
837 1735 1013 1767 elocutionis
1033 1735 1260 1767 demonstrant.

159 1850 184 1882 1)
205 1848 260 1875 Cic.
279 1848 320 1875 De
340 1850 384 1875 Or.
400 1848 438 1875 ΙΙΙ
453 1852 570 1882 215sqq.
591 1848 635 1876 Or.
652 1852 693 1875 55.
713 1849 790 1875 Brut.
808 1851 866 1875 141.

159 1890 184 1922 2)
204 1889 284 1915 Auct.
304 1889 340 1915 ad
359 1888 423 1915 Her.
438 1888 476 1915 III
491 1892 590 1922 23sqq.

158 1929 185 1962 3)
205 1928 330 1955 Alteram
349 1928 514 1955 divisionem
533 1929 617 1961 vocis,
636 1928 737 1962 vultus,
757 1930 852 1963 gestus
872 1928 1022 1963 explicavit
1036 1938 1063 1963 p.
1080 1929 1169 1955 130H.

157 1969 185 2002 4)
203 1967 265 2001 Via,
284 1977 340 2001 qua
353 1968 382 1994 in
397 1968 654 2002 pronuntiationem
668 1968 831 1995 transierint
845 1969 971 2001 virtutes,
986 1969 1163 2004 cognoscitur
1178 1977 1211 1996 ex
1225 1969 1280 1996 Cic.
1296 1969 1370 1995 Part.

65 2007 116 2035 Or.
131 2010 176 2034 25:
197 2007 294 2039 ..Facit
307 2008 381 2034 enim
400 2009 612 2042 (pronuntiatio)
629 2010 657 2035 et
676 2008 829 2035 dilucidam
849 2009 1004 2035 orationem
1018 2010 1047 2035 et
1064 2008 1202 2036 illustrem
1222 2010 1250 2035 et
1268 2009 1370 2043 proba-

68 2047 155 2073 bilem
174 2049 203 2074 et
221 2055 332 2074 suavem
351 2056 407 2074 non
435 2048 539 2082 verbis,
563 2048 612 2075 sed
635 2048 771 2075 varietate
790 2057 900 2082 vocum,
919 2050 997 2075 motu
1020 2049 1156 2083 corporis,
1181 2049 1274 2081 vultu,
1297 2057 1370 2082 quae

69 2086 220 2122 plurimum
238 2086 378 2120 valebunt,
397 2088 421 2114 si
440 2097 502 2114 cum
521 2088 656 2114 orationis
675 2096 777 2123 genere
796 2088 971 2115 consentient
990 2088 1105 2122 eiusque
1124 2089 1180 2116 vim
1199 2096 1232 2115 ac
1250 2088 1370 2115 varieta-

68 2128 125 2153 tem
146 2127 373 2161 subsequentur&
401 2128 460 2154 Iam
478 2129 559 2162 quasi
579 2130 757 2163 comparatae
776 2130 841 2154 sunt
859 2128 956 2161 ἀρεταὶ
974 2128 1077 2161 λέξεως,
1097 2129 1146 2155 sed
1165 2128 1288 2155 nondum
1307 2137 1369 2163 pro-

64 2167 254 2194 nuntiationis
272 2167 372 2195 factae.
