1566 2592
229 143 272 175 66
817 141 910 177 Caput
923 142 957 169 V.

230 227 262 258 et
281 225 411 268 figurati,
430 236 511 267 quae
526 224 560 256 in
580 224 822 257 continuatione
841 235 951 256 eorum
970 224 1188 256 observantur.
1216 223 1267 256 Ita
1281 224 1459 266 Dionysius
1474 224 1549 267 ipso

230 279 360 311 nomine
375 278 591 320 Theophrasti
610 279 708 310 allato
728 278 868 310 affirmat
887 276 941 321 (de
960 277 1057 310 Isocr.
1074 289 1141 320 cap.
1157 277 1177 309 3
1197 289 1227 319 p.
1242 278 1307 310 539
1315 277 1367 320 R),
1386 278 1433 310 ita
1447 277 1548 316 Quin-

230 332 363 364 tilianus
384 343 474 364 suam
493 334 594 364 artem
614 332 742 371 dividit,
766 332 812 364 ita
835 331 946 364 Cicero
969 331 1089 364 librum
1113 331 1160 363 De
1185 331 1319 363 Oratore
1338 330 1395 364 ΙΙΙ.
1423 331 1548 364 Auctor

232 386 270 418 ad
289 385 489 417 Herennium
509 385 634 417 duobus
654 385 815 426 capitibus
833 388 979 417 amatum
998 385 1146 426 privavit,
1165 397 1205 417 ex
1223 386 1341 427 quibus
1360 396 1460 417 unum
1480 396 1549 418 om·

231 441 308 472 nino
329 439 428 478 deest,
451 439 574 471 scilicet
594 438 710 480 ἐκλογὴ
731 438 915 480 ὀνομάτων,
937 438 1000 470 nisi
1020 438 1107 480 quod
1126 439 1160 471 in
1180 439 1398 480 explanatione
1416 438 1548 481 propria

231 496 263 525 et
277 494 396 526 usitata
411 493 509 525 verba
523 494 823 533 commemorantur,
840 493 996 524 translata
1010 492 1042 524 in
1057 492 1172 534 figuris
1183 491 1243 533 (IV
1253 491 1355 535 45).1)
1374 492 1423 524 De
1438 491 1549 525 verbis

232 548 313 579 bene
333 546 534 587 sonantibus,
553 546 592 578 de
610 546 724 587 priscis
745 548 777 578 et
796 546 969 587 inusitatis,
989 546 1027 578 de
1046 546 1141 578 factis
1159 548 1243 578 tacet
1258 546 1290 578 in
1311 548 1443 578 ornatus
1458 556 1547 588 prae-

231 601 393 643 ceptione,
413 611 494 642 quae
513 602 590 631 nota
610 600 639 631 ei
657 600 757 631 fuisse
776 599 921 631 videmus
940 599 974 631 in
992 599 1101 640 priore
1120 601 1224 641 parte,
1242 599 1299 631 ubi
1319 601 1550 632 enumerantur

232 655 378 696 quidem,
401 654 461 686 etsi
484 664 550 685 non
574 653 776 695 explicantur
799 651 860 694 (IV
879 653 917 684 11
939 652 978 684 de
997 652 1088 695 gravi
1106 652 1221 695 figura,
1249 651 1294 684 IV
1313 652 1353 685 15
1373 653 1411 685 de
1434 652 1549 695 vitiis).

231 708 364 740 Mancus
388 707 490 750 igitur
508 707 541 738 in
566 707 756 739 elocutionis
781 708 896 738 ornatu
920 707 1033 738 auctor
1059 708 1170 738 noster
1198 706 1368 738 invenitur.
1398 705 1547 739 Alterum

232 764 329 804 caput
349 762 477 794 ornatui
501 761 680 802 demptum,
707 760 794 802 quod
813 762 862 792 est
881 759 920 792 de
944 759 1118 792 artificiosa
1141 760 1391 802 compositione,
1418 760 1549 802 proprie

231 817 406 848 tractatum
433 817 465 847 et
488 815 572 846 inter
595 814 737 855 reliquas
761 814 898 846 virtutes
926 815 1091 856 receptum
1121 815 1183 854 est,
1211 824 1405 856 quamquam
1433 815 1550 846 natura

232 870 372 901 maxime
387 869 496 900 differt
510 868 550 900 ab
565 868 726 910 elegantia
739 869 772 899 et
786 867 951 910 dignitate.
981 866 1126 910 Privigni
1143 866 1244 899 instar
1258 866 1343 898 inter
1356 877 1448 899 veros
1462 866 1550 899 filios

232 922 424 955 elocutionis
448 923 602 954 versatur.
635 920 774 953 Exiliter
802 932 877 952 sane
906 920 944 952 de
973 921 1207 962 compositione
1231 920 1389 962 praecipit
1412 919 1475 963 (IV
1493 918 1550 963 18)

233 977 272 1008 de
291 977 379 1008 vitiis
397 975 561 1018 fugiendis
581 975 684 1017 magis
703 985 799 1016 quam
816 974 855 1006 de
873 973 1088 1016 componendi
1107 974 1232 1006 ratione
1252 973 1429 1015 disputans.
1457 972 1549 1005 Σύν-

233 1034 330 1068 θεσις
352 1031 479 1062 tantum
504 1028 708 1061 auctoritatis
733 1028 767 1060 in
794 1027 965 1060 rhetoricis
993 1027 1223 1060 certaminibus
1251 1027 1434 1068 occupavit,
1452 1028 1490 1059 ut
1508 1026 1551 1059 ab

236 1086 351 1117 ornatu
367 1083 400 1115 in
414 1083 583 1125 proprium
596 1082 703 1114 locum
719 1082 888 1123 secederet,
902 1092 979 1113 mox
993 1081 1165 1122 separatim
1185 1081 1344 1112 tractatur
1357 1079 1551 1123 (Dionysius

234 1137 336 1170 Halic.
350 1136 426 1179 περὶ
440 1136 634 1174 συνθέσεως
653 1134 850 1178 ὀνομάτων).
871 1134 1019 1177 ‘Aptum'
1035 1136 1152 1174 autem,
1172 1144 1253 1175 quae
1268 1133 1353 1165 inter
1370 1132 1550 1166 rhetoricas

233 1192 372 1224 virtutes
391 1190 582 1223 elocutionis
605 1190 745 1222 maxime
770 1188 998 1231 philosophica
1023 1190 1105 1229 erat,
1131 1198 1149 1218 a
1174 1189 1286 1219 nostro
1312 1186 1468 1226 Auctore,
1493 1187 1550 1228 qui

234 1248 323 1278 totus
338 1245 456 1287 pendet
471 1245 502 1276 ‘a
517 1245 672 1287 magistro
688 1243 837 1284 dicendi’,
851 1245 888 1274 ut
902 1242 1031 1274 nomine
1045 1242 1119 1273 utar
1133 1240 1294 1282 Tulliano,
1309 1241 1440 1273 omnino
1456 1240 1551 1273 omit-

234 1300 324 1331 titur.
331 1298 356 1342 Β)
385 1298 494 1330 Etiam
511 1298 545 1329 in
564 1297 827 1339 pronuntatione‚
842 1306 1036 1338 quamquam
1051 1305 1118 1326 rem
1138 1293 1298 1335 πρέποντι
1316 1294 1483 1336 propriam
1497 1304 1550 1326 ex-

234 1353 336 1395 plicat
354 1351 417 1395 (III
432 1352 549 1393 24sqq.
570 1352 608 1383 de
627 1349 898 1383 accommodanda
917 1349 957 1380 ad
976 1349 1154 1380 orationem
1174 1357 1251 1380 voce
1271 1350 1303 1379 et
1321 1346 1440 1390 gestu),
1458 1347 1552 1380 deeo-

234 1418 307 1438 rum
329 1405 458 1438 silentio
482 1403 644 1447 premit.³)
672 1404 840 1436 Postremo
863 1413 904 1434 ne
926 1412 1045 1434 nomen
1069 1401 1197 1442 quidem
1217 1401 1373 1433 virtutum
1393 1399 1550 1444 (ἀρετῶν)

235 1460 417 1492 adhibetur.
447 1461 724 1501 Περιφραστικῶς
743 1457 834 1489 dicit:
851 1455 956 1499 „Quas
970 1466 1021 1488 res
1041 1455 1155 1487 debeat
1172 1454 1292 1486 habere
1310 1454 1450 1487 elocutio
1465 1447 1552 1488 eom-

237 1514 332 1546 moda
351 1515 383 1546 et
402 1512 570 1555 perfecta&

326 1566 414 1598 Haec
442 1567 543 1609 igitur
570 1566 653 1597 ratio
682 1565 766 1597 inter
790 1563 966 1596 Rhetorica
985 1562 1025 1594 ad
1044 1562 1243 1594 Herennium
1272 1562 1370 1593 missa
1392 1563 1425 1594 et
1447 1560 1551 1594 'Pheo-

236 1621 362 1663 phrasti
379 1621 499 1652 librum
519 1618 595 1661 περὶ
615 1618 731 1657 λέξεως
749 1617 931 1651 intercedit:
950 1616 1042 1648 Duae
1061 1616 1210 1657 virtutes,
1229 1614 1424 1657 ἑλληνισμός
1441 1617 1475 1647 et
1493 1623 1551 1647 σα-

237 1677 368 1717 φήνεια,
386 1674 567 1716 praeceptis
583 1673 623 1705 ad
638 1675 739 1705 artem
760 1670 1003 1714 grammaticam
1024 1669 1137 1702 delatis
1156 1669 1234 1701 adeo
1254 1669 1398 1700 minutae
1411 1670 1496 1709 sunt,
1513 1670 1551 1700 ut

236 1729 271 1760 in
290 1739 387 1760 unam
407 1727 599 1770 elegantiam
626 1726 758 1758 coirent.
791 1725 946 1766 Tertium,
974 1723 1111 1765 πρέπον,
1139 1723 1236 1754 deest.
1269 1721 1389 1759 Quarta
1417 1722 1551 1755 ornatus

236 1782 340 1814 virtus
364 1782 494 1813 nomine
519 1779 687 1822 dignitatis
713 1780 876 1822 appellata
900 1779 970 1810 sola
995 1778 1142 1819 σχήματα
1169 1775 1419 1818 comprehendit.
1449 1773 1551 1807 Orna-

237 1837 346 1868 menta
365 1835 398 1866 in
418 1834 543 1866 delectu
559 1834 729 1866 verborum
745 1833 808 1864 sita
827 1832 951 1864 desunt.
981 1830 1181 1872 Compositio
1196 1841 1215 1861 a
1234 1829 1392 1872 dignitate
1407 1828 1551 1861 abscissa

237 1889 367 1931 propria
386 1899 460 1930 pars
479 1887 655 1919 virtutibus
677 1886 893 1918 dissimillima
911 1885 997 1917 facta
1015 1886 1072 1916 est.
1102 1882 1302 1925 Quamquam
1322 1882 1424 1925 igitur
1442 1882 1552 1924 aliqua

328 2005 354 2036 1)
374 2003 510 2030 Similiter
529 2001 722 2034 Quintilianus
741 2001 775 2027 cf.
791 1999 854 2027 VIII
865 2002 890 2033 3,
898 2002 932 2026 38
951 2001 980 2026 et
999 1998 1130 2031 Vm⁶‚4.

328 2046 354 2078 2)
375 2043 415 2070 Cf.
440 2042 495 2070 Cic.
518 2042 559 2069 De
580 2042 626 2069 Or.
640 2041 736 2075 1,132:
767 2041 816 2074 „Id
844 2040 919 2067 enim
944 2039 1012 2074 (scil.
1032 2047 1068 2066 ne
1087 2038 1232 2071 dedeceat)
1261 2038 1304 2064 est
1322 2036 1442 2063 maxime
1461 2035 1552 2063 vitan-

239 2085 307 2111 dum
322 2085 352 2111 et
366 2084 400 2110 de
415 2083 468 2110 hoc
488 2091 543 2109 uuo
562 2082 678 2108 minime
697 2083 741 2107 est
759 2080 843 2107 facile
862 2079 1025 2114 praecipere
1042 2087 1099 2105 non
1117 2077 1188 2104 mihi
1206 2077 1299 2110 modo,
1319 2077 1368 2110 qui
1386 2077 1460 2104 sicut
1478 2084 1551 2103 unus

238 2127 320 2160 pater
338 2123 462 2151 familias
481 2123 526 2149 his
541 2122 576 2149 de
595 2122 677 2149 rebus
697 2121 805 2156 loquor,
825 2121 874 2147 sed
894 2120 978 2147 etiam
994 2119 1050 2154 ipsi
1064 2118 1108 2145 illi
1127 2118 1241 2144 Roscio:
1261 2125 1344 2152 quem
1363 2124 1447 2151 saepe
1465 2115 1551 2143 audio

239 2166 332 2192 dicere
352 2165 439 2199 caput
462 2171 521 2191 esse
541 2163 610 2189 artis
635 2162 747 2195 decere,
771 2161 846 2195 quod
865 2162 961 2187 tamen
981 2168 1067 2186 unum
1086 2158 1115 2185 id
1135 2166 1208 2190 esse,
1228 2157 1304 2192 quod
1322 2157 1398 2184 tradi
1416 2158 1477 2183 arte
1495 2164 1552 2183 non

259 2206 357 2232 ossit“.

238 2216 257 2241 p
329 2247 356 2279 3)
375 2245 406 2271 In
430 2245 531 2271 ornatu
555 2251 667 2277 quoque
690 2242 840 2277 vestigium
868 2241 1002 2268 remanet.
1038 2238 1170 2273 Dignitas
1199 2238 1274 2265 enim
1301 2237 1396 2264 reddit
1422 2237 1552 2263 ornatam

239 2286 395 2313 orationem
426 2284 579 2319 „varietate
607 2283 811 2318 distinguens“.
849 2280 1003 2308 Varietatis
1022 2281 1117 2306 autem
1141 2279 1235 2305 κανών
1264 2279 1293 2304 et
1319 2278 1394 2304 recte
1422 2275 1551 2303 variandi

203 2334 208 2337 ’
239 2326 312 2353 ratio
332 2335 365 2353 ex
385 2325 486 2352 decoro
505 2323 668 2359 percipitur.
