1566 2592
179 136 224 167 40
762 136 855 171 Caput
872 136 919 164 111.

181 217 327 259 eandem,
357 228 453 259 quam
477 220 590 260 postea
609 217 866 260 Theophrastus,
895 229 991 260 quam
1021 218 1122 252 Stoici
1151 221 1362 263 receperunt?
1389 221 1500 264 Atque

182 273 253 314 ipsa
266 270 476 304 Aristotelica
490 271 586 303 verba
601 271 686 304 idem
706 272 843 313 probare
862 272 943 304 mihi
958 273 1115 305 videntur.
1145 274 1304 317 Adiungit
1318 275 1402 307 enim
1422 275 1500 317 illis,

184 337 266 367 quae
285 325 389 367 attuli,
409 325 515 357 verbis
535 327 572 358 τὸ
593 325 630 357 δὲ
648 326 942 367 προσδιαιρεῑσθαι
961 326 1023 367 τὴν
1042 327 1145 368 λέξιν,
1165 327 1216 360 ὅτι
1235 327 1352 369 ἡδεῖαν
1369 327 1424 361 καὶ
1442 340 1499 371 με·

182 381 390 421 γαλοπρεπῆ,
407 380 595 421 περίεργον,
615 379 745 411 brevem
764 379 1002 412 refutationem.
1030 379 1144 422 Neque
1167 381 1253 424 fugit
1276 382 1362 414 viros
1385 381 1501 414 doctos

183 433 214 464 in
232 444 270 464 ea
283 432 389 464 solum
403 432 469 474 ἡδύ
485 432 738 474 commemorari,
756 433 1001 474 μεγαλοπρεπές
1016 436 1123 466 autem
1138 434 1234 476 plane
1252 434 1389 478 neglegi.
1413 434 1499 473 Quin

183 486 280 518 etiam
300 485 491 527 Thurotius,
518 496 617 527 sagax
636 486 712 518 libri
739 486 912 528 interpres,
938 487 1124 520 coniectura
1148 488 1316 521 restituere
1342 499 1407 520 uno
1426 489 1502 521 loco

183 539 239 583 (cf.
262 539 412 572 Roemeri
441 538 647 582 apparatum)
675 542 906 582 μεγαλοπρεπῆ
936 540 1018 582 (scil.
1038 540 1143 584 λέξιν)
1171 541 1308 574 volebat.
1337 541 1444 580 Quid?
1471 542 1500 575 si

184 604 248 625 una
266 593 346 625 haec
361 595 430 625 erat
449 593 610 634 διαίρεσις
630 593 756 625 duobus
771 593 957 625 nominibus
971 595 1156 636 appellata?
1175 594 1257 627 Tum
1273 595 1401 628 demum
1416 596 1500 628 refu-

184 647 265 679 tatio
290 646 477 679 Aristotelis
506 648 591 678 recte
619 646 827 688 intellegitur.
857 645 891 678 Si
920 647 1086 688 propriam
1111 648 1263 680 virtutem
1287 649 1349 690 ἡδύ
1371 648 1503 691 refellit,

185 701 282 733 etiam
301 700 547 741 μεγαλοπρεπές
566 699 694 732 refellit.
722 699 832 732 Unum
852 699 937 731 enim
957 703 1020 742 est,
1043 711 1147 742 neque
1166 711 1244 734 voce
1266 702 1321 734 καὶ
1343 702 1377 734 in
1397 702 1501 735 verbis

185 754 250 787 illis
270 754 338 786 ξὅτι
357 754 473 795 ἡδεῖαν
492 754 546 786 καὶ
565 753 812 795 μεγαλοπρεπῆ’
833 754 929 785 tertia
952 755 1202 796 προσδιαίρεσις
1225 755 1424 798 adiungitur,
1444 755 1501 788 sed

184 819 248 839 una
267 810 316 839 est
343 807 415 839 inde
435 818 454 838 a
473 806 570 838 verbo
597 807 906 848 προσδιαιρεῖσθαι,
932 810 969 838 ut
995 807 1080 849 apud
1100 807 1287 840 Ciceronem
1310 809 1380 842 sine
1403 809 1503 842 dubio

185 872 285 893 unum
306 863 363 902 est,
383 860 470 902 quod
490 860 568 892 dicit
589 860 751 892 ‘ornatum
770 860 861 902 illud,
880 871 978 893 suave
997 863 1029 893 et
1048 861 1182 893 afluens'
1203 860 1271 904 (Or.
1287 861 1354 905 79).

274 913 342 946 Iam
363 914 442 946 satis
462 915 590 956 singula
609 914 832 955 tractavimus,
851 916 887 946 ut
906 914 1000 946 initia
1024 914 1150 947 dicendi
1168 915 1326 947 virtutum
1350 914 1506 948 historice

186 968 367 1000 describere
387 968 558 1009 possimus.

275 1021 348 1054 Una
367 1021 470 1053 virtus
490 1021 606 1059 λέξεως
625 1021 665 1052 ab
686 1020 864 1053 Aristotele
883 1021 1068 1063 exponitur:
1088 1023 1260 1064 σαφήνεια.
1287 1021 1324 1054 In
1344 1024 1413 1055 arte
1430 1033 1505 1065 poe·

187 1076 253 1107 tica
272 1086 341 1106 eam
366 1075 478 1117 paucis
498 1074 552 1106 sed
573 1074 694 1116 apertis
716 1074 821 1106 verbis
841 1075 935 1107 docet
957 1077 990 1107 et
1009 1075 1042 1107 in
1061 1075 1231 1116 rhetorica,
1250 1076 1311 1108 etsi
1330 1076 1435 1109 multa
1452 1076 1506 1109 ad·

187 1129 235 1161 dit
254 1131 286 1161 et
303 1128 534 1170 psychologiae
553 1129 694 1160 rationes
713 1128 817 1169 affert,
836 1130 945 1160 tamen
963 1129 1157 1161 sententiam
1177 1129 1309 1161 eandem
1325 1129 1363 1162 de
1383 1129 1504 1172 simpli-

187 1184 283 1215 citate
307 1182 438 1214 virtutis
462 1182 612 1214 defendit.
644 1181 732 1213 Haec
759 1180 946 1214 Aristotelis
970 1182 1074 1214 virtus
1102 1183 1200 1214 etiam
1229 1185 1418 1216 ornamenta
1439 1194 1507 1216 am·

187 1236 347 1278 plectitur.
375 1235 426 1267 Ita
445 1246 508 1267 una
527 1236 631 1267 virtus
646 1238 747 1267 totam
764 1234 854 1274 λέξιν
869 1235 927 1267 sub
946 1237 1141 1277 potestatem
1157 1247 1247 1268 suam
1262 1236 1389 1279 redigit,
1406 1237 1505 1269 aliam

187 1292 295 1321 autem
314 1289 500 1331 partitionis
518 1289 676 1320 rationem
695 1289 889 1320 Aristoteles
908 1300 971 1321 non
993 1289 1133 1321 adhibet.

277 1342 342 1375 Uni
371 1343 484 1374 virtuti
513 1341 738 1384 philosophice
766 1343 944 1384 explicatae
973 1342 1146 1375 obstabant
1173 1342 1312 1375 rhetoris
1338 1342 1504 1375 cuiusdam

188 1397 269 1429 duae
293 1397 437 1429 virtutes.
471 1394 601 1438 Omnia,
626 1406 708 1437 quae
733 1395 773 1428 ad
803 1400 953 1428 ornatum
979 1396 1046 1428 sive
1073 1397 1242 1428 suavitatis
1267 1397 1334 1428 sive
1360 1396 1506 1440 magnifi-

188 1450 311 1482 centiae
331 1461 427 1482 causa
452 1449 634 1481 adhibitum
658 1449 876 1491 pertinebant,
900 1450 1112 1482 secessionem
1131 1461 1150 1481 a
1173 1450 1403 1492 perspicuitate
1425 1449 1509 1482 fece-

189 1506 265 1536 runt
284 1506 316 1536 et
335 1503 499 1546 propriam
519 1502 733 1535 condiderunt
751 1503 912 1535 virtutem.
944 1502 998 1535 Sic
1017 1514 1054 1535 ea
1072 1503 1264 1535 elocutionis
1288 1503 1374 1535 facta
1392 1506 1442 1536 est
1460 1502 1506 1535 di-

189 1557 287 1599 visio,
306 1568 344 1590 ex
364 1568 427 1598 qua
446 1556 604 1598 plurimae
628 1556 712 1588 inter
736 1556 881 1588 rhetores
905 1558 938 1588 et
965 1556 1174 1599 gravissimae
1202 1557 1276 1589 lites
1305 1559 1394 1589 ortae
1422 1558 1507 1590 sunt.

191 1601 324 1652 Semper
338 1610 433 1651 enim,
447 1610 598 1652 quotiens
613 1610 651 1642 de
671 1609 854 1642 elocutione
873 1612 1030 1642 certatum
1045 1613 1103 1652 est,
1117 1610 1180 1642 duo
1196 1612 1301 1643 casta-a
1315 1612 1415 1653 erant,
1429 1620 1510 1652 quo-

190 1675 262 1696 rum
281 1664 382 1696 altera
400 1665 530 1706 planam
552 1665 583 1695 et
603 1662 775 1695 dilucidam
795 1663 974 1696 orationem
994 1663 1222 1706 defendebant,
1240 1663 1341 1696 altera
1360 1665 1507 1696 ornatam

191 1720 224 1749 et
243 1717 456 1760 magnificam.
484 1716 630 1749 Primum
649 1716 848 1759 philosophi,
867 1719 904 1748 ut
923 1727 977 1749 eos
997 1716 1138 1756 decebat,
1157 1717 1418 1760 perspicuitatem
1437 1716 1508 1759 plu-

192 1771 236 1803 ris
255 1771 478 1808 aestimabant,
497 1781 567 1802 eam
583 1769 676 1802 Plato
696 1770 897 1813 defendebat,
916 1781 953 1802 ea
967 1770 1154 1803 Aristotelis
1169 1771 1273 1802 virtus
1287 1770 1405 1809 λέξεως
1421 1770 1511 1802 facta

192 1827 249 1857 est.
279 1823 405 1856 Stoicos
424 1824 487 1856 etsi
511 1825 660 1856 ornatum
686 1823 765 1855 duce
789 1823 1013 1866 Theophrasto
1033 1824 1125 1866 quasi
1148 1824 1359 1857 necessariam
1381 1825 1506 1866 partem

193 1877 351 1910 oratoriae
365 1877 559 1910 elocutionis
574 1877 792 1920 agnoscebant
807 1877 1031 1919 (κατασκευή),
1044 1879 1151 1909 tamen
1167 1878 1354 1919 σαφήνειαν
1367 1877 1509 1909 maxime

192 1931 330 1963 coluisse
349 1931 477 1963 scimus.
505 1930 682 1972 Epicurus,
707 1931 763 1972 qui
782 1942 909 1963 omnem
929 1932 1078 1962 ornatum
1098 1930 1275 1972 damnavit,
1293 1930 1424 1962 nomine
1442 1941 1510 1962 ma-

193 1985 244 2028 gis
264 1996 359 2026 quam
379 1996 413 2016 re
434 1995 505 2016 cum
525 1983 702 2016 Aristotele
721 1985 882 2016 consentit
900 1984 1004 2016 Laert.
1019 1983 1114 2026 Diog.
1129 1983 1168 2026 X,
1180 1983 1236 2015 13:
1259 1983 1368 2025 σαφὴς
1387 1980 1430 2024 ἦν
1452 1983 1509 2016 οὕ-

193 2051 257 2076 τως
276 2039 320 2076 ὡς
338 2037 392 2070 καὶ
412 2036 450 2069 ἐν
468 2041 513 2080 τῷ
532 2035 608 2078 περὶ
632 2037 807 2079 ῥητορικῆς
826 2037 912 2075 ἀξιοῖ
934 2035 1041 2079 μηδὲν
1059 2037 1140 2069 ἄλλο
1159 2037 1179 2078 ἢ
1204 2038 1390 2078 σαφήνειαν
1413 2036 1509 2069 ἀπαι-

193 2097 273 2124 τεῖν.
300 2090 364 2123 Sed
386 2091 466 2123 haec
488 2090 623 2132 Epicuri
647 2090 860 2132 perspicuitas
885 2091 972 2122 omni
996 2091 1137 2122 oratoria
1160 2090 1358 2132 supellectile
1381 2089 1514 2122 carebat

194 2148 226 2177 et
245 2145 394 2177 damnata
413 2146 479 2176 arte
494 2149 642 2175 naturam
657 2143 757 2176 solam
778 2144 973 2186 sequebatur
987 2144 1117 2176 Maxim.
1131 2143 1265 2176 Planud.
1281 2143 1311 2175 V
1326 2143 1392 2175 440
1403 2142 1510 2176 Walz:

195 2200 297 2240 φύσις
316 2198 378 2240 γάρ
399 2197 490 2230 ἐστιν
509 2197 528 2238 ἡ
555 2200 770 2239 κατορθοῦσα
794 2199 929 2239 λόγους,
948 2197 1045 2239 τέχνη
1064 2195 1102 2229 δὲ
1121 2197 1274 2238 οὐδεμία,
1293 2208 1366 2229 cnm
1387 2196 1510 2229 Aristo—

195 2251 274 2285 teles
294 2251 430 2284 ornandi
449 2261 546 2284 causa
565 2249 663 2292 ξένην
680 2256 817 2292 ποιῆσαι
837 2251 898 2292 τὴν
922 2251 1096 2283 διάλεκτον
1120 2251 1268 2283 suaderet
1286 2253 1319 2283 et
1341 2253 1443 2283 artem
1461 2249 1513 2282 λέ·

195 2306 275 2344 ξεως
295 2303 520 2338 conscriberet.
554 2302 655 2336 Attici
676 2304 790 2337 deinde
813 2306 999 2346 σαφήνειαν
1017 2304 1259 2336 Aristotelicam
1284 2306 1395 2336 contra
1415 2314 1512 2346 appa-
