1566 2592
144 437 158 551 ff

190 175 211 207 6
784 176 876 211 Caput
893 177 913 203 I.

189 257 330 288 divisum
350 257 459 299 fuisse,
478 258 705 299 composuerit,
724 269 763 290 ex
783 260 967 300 conspectu,
986 269 1082 300 quem
1102 258 1135 290 in
1154 258 1243 290 exitu
1267 258 1369 291 libelli
1389 257 1433 301 (p.
1447 257 1506 302 45)
1555 267 1558 270 ·

188 310 322 351 addidit,
340 310 543 353 perspicitur.
572 310 682 353 Atque
701 312 798 343 certis
817 312 1016 354 argumentis
1036 311 1255 344 demonstrare
1275 312 1396 354 studet,
1420 312 1508 354 quod

190 364 254 396 iam
274 363 542 396 Westermannus
562 363 702 407 (Griech.
722 364 968 397 Beredsamkeit
985 364 1010 406 I,
1028 364 1105 408 170)
1125 366 1308 408 suspicatus
1329 368 1386 407 est,
1404 365 1508 398 'Pheo-

187 417 357 459 phrastum
377 417 411 448 in
435 417 520 449 libro
539 417 615 459 περὶ
636 417 751 456 λέξεως
770 418 833 450 tria
857 429 926 450 esse
950 419 1076 450 dicendi
1102 429 1220 461 genera
1246 419 1407 461 docuisse,
1435 430 1507 452 eam

188 470 354 502 existimat
373 482 532 503 summam
551 471 651 503 fuisse
671 471 835 504 doctrinae
850 471 1120 514 Theophrasteae,
1140 472 1220 504 illud
1238 473 1410 514 praecipue
1429 473 1508 504 viris

189 524 293 556 doctis
309 524 457 566 placebat
473 525 514 556 ob
530 525 626 566 idque
642 525 748 567 ipsum
763 524 859 557 Rabii
874 525 1004 558 libellus
1019 525 1126 558 afferri
1145 526 1237 558 solet.
1266 526 1390 558 Paucos
1409 528 1507 558 testes

121 601 130 603 .-
188 577 362 618 advocabo,
382 578 437 618 qui
457 578 518 610 tibi
537 578 640 610 instar
659 579 804 610 omnium
824 590 893 610 esse
918 580 1063 620 possunt.
1093 578 1127 611 Si
1147 578 1389 611 Volkmannum
1413 590 1509 622 quae·

188 631 243 673 ris,
273 632 351 663 satis
380 631 513 663 confuse
541 637 746 674 χαρακτῆρας
770 643 842 663 cum
866 632 946 664 ideis
976 633 1184 674 contaminat,
1212 633 1268 665 sed
1287 632 1423 665 dubium
1441 643 1508 666 non

182 686 248 725 ¹est,
267 684 346 726 quin
366 685 463 716 etiam
482 685 545 716 tria
564 696 681 728 genera
701 685 925 727 Theophrasto
945 685 1094 727 adsignet
1109 684 1283 728 (Rhetorik
1305 686 1333 718 d.
1349 685 1507 719 Griechen

189 749 219 769 u.
235 737 363 779 Remer,
383 739 411 770 2.
427 738 512 771 Aufl.
532 750 561 780 p.
577 738 667 782 533),
695 739 792 780 idque
812 739 877 770 iam
896 741 970 771 ante
990 738 1087 771 Rabii
1113 739 1268 771 libellum.
1301 739 1406 772 Multo
1431 751 1507 772 vero

190 791 309 823 certius
335 792 420 824 idem
447 792 581 834 exponit
599 792 740 824 Rabium
765 794 893 825 secutus
912 793 947 824 in
975 792 1181 835 compendio',
1209 793 1297 834 quod
1320 793 1353 825 in
1377 793 1508 826 Malloi-i

190 845 438 886 encyclopaedia
457 845 656 888 philologica
675 846 776 878 edidit
795 845 970 888 (Rhetorik
991 846 1019 877 d.
1036 845 1196 878 Griechen
1215 858 1245 878 u.
1261 845 1382 879 Riimer
1400 846 1461 879 3A
1478 858 1507 879 v.

190 897 346 930 Hammer
361 899 394 930 in
409 897 463 930 Iw.
479 899 613 931 Miillers
628 899 770 931 Hdbuch
788 911 818 941 p.
834 899 877 931 53
886 898 956 943 sq.).
987 899 1125 932 Gravior
1143 902 1229 932 certe
1247 900 1340 932 testis
1359 901 1408 932 est
1421 899 1509 932 Edu-

190 951 287 983 ardus
301 951 443 994 Norden,
462 953 512 984 vir
530 954 659 994 praeter
678 955 801 985 ceteros
822 954 900 985 artis
920 953 1101 985 rhetoricae
1120 953 1254 996 peritus,
1272 953 1368 985 Rabii
1387 954 1509 986 amicus
1556 987 1559 990 Α

190 1005 323 1047 eiusque
342 1017 377 1038 m
395 1006 467 1048 ipsa
490 1006 717 1038 dissertatione
736 1007 867 1048 publice
887 1007 1087 1039 defendenda
1107 1007 1317 1040 adversarius.
1347 1006 1438 1049 „Dan
1458 1007 1509 1040 die

190 1084 197 1090 .
213 1084 220 1091 .
235 1083 243 1091 .
258 1085 264 1090 .
282 1058 468 1102 Scheidung
487 1059 544 1091 der
562 1065 763 1102 χαρακτῆρες
783 1060 898 1099 λέξεως
917 1062 977 1092 mit
997 1060 1087 1093 ihren
1112 1060 1351 1093 benachbarten
1370 1060 1396 1093 F
1398 1060 1510 1094 ehlern

190 1113 249 1144 auf
260 1112 464 1154 Theophrast
478 1113 678 1156 zuriickgeht
693 1113 759 1145 und
775 1114 835 1146 dass
851 1125 913 1145 nur
932 1114 1128 1146 zweifelhaft
1143 1114 1194 1156 ist,
1213 1114 1386 1146 inwieweit
1405 1114 1510 1146 dieser

190 1166 274 1198 auch
298 1166 398 1198 sehon
422 1167 474 1198 die
492 1166 619 1198 Namen
648 1167 704 1198 der
730 1166 947 1199 fehlerhaften
971 1167 1127 1199 Stilarten
1155 1170 1292 1211 gepragt
1317 1167 1389 1209 hat,
1416 1168 1510 1201 weist

190 1219 231 1251 H.
246 1219 348 1251 Rabe:
369 1219 417 1252 De
436 1219 652 1262 Theophrasti
671 1220 762 1252 libris
781 1220 857 1263 περὶ
878 1220 994 1259 λέξεως
1013 1221 1094 1253 24ff.
1114 1221 1338 1264 iiberzeugend
1362 1220 1508 1264 nach.“¹)

191 1271 244 1315 (A.
259 1273 298 1305 K.
313 1273 387 1314 1¹1).
404 1273 590 1317 70adnot.).
623 1273 868 1306 Wilamowitzii
894 1286 1023 1316 quoque
1048 1275 1240 1307 auctoritate
1266 1275 1427 1307 sententia
1453 1275 1510 1308 illa

191 1327 357 1368 probatur.
385 1327 466 1369 „Die
481 1327 764 1370 Unterscheidung
783 1328 839 1360 der
855 1328 1011 1360 Stilarten
1031 1340 1097 1360 war
1115 1329 1149 1360 in
1163 1328 1379 1371 Ausfiihrung
1396 1329 1510 1362 aristo-v

190 1380 343 1412 telischer
354 1379 527 1412 Gedanken
542 1391 606 1413 von
616 1381 856 1423 Theophrastus
868 1382 928 1413 mit
937 1382 1241 1414 vollkommenstem
1251 1382 1385 1425 Erfolge
1394 1382 1509 1415 durch-

191 1433 322 1475 gefiihrt
346 1434 411 1465 und
438 1434 499 1466 den
519 1434 682 1477 richtigen
701 1433 875 1467 Gedanken
894 1446 1002 1467 waren
1021 1435 1091 1467 ihre
1110 1436 1327 1478 παρεκβάσεις
1345 1447 1403 1468 zur
1421 1434 1509 1468 Seite

190 1488 322 1529 gestellt
340 1488 490 1519 worden“
506 1486 660 1530 (Hermae
675 1488 738 1520 vol.
746 1488 869 1520 XXXV
887 1488 973 1520 1900
988 1500 1018 1530 p.
1031 1488 1090 1532 27)
1106 1489 1254 1531 idemque
1270 1490 1303 1521 in
1317 1488 1509 1522 Graecarum

189 1540 371 1572 litterarum
390 1541 528 1573 historia
545 1541 679 1584 (Kultur
693 1542 721 1573 d.
738 1541 930 1584 Gegenwart
949 1541 979 1574 1⁸
998 1542 1057 1574 Ed.
1072 1541 1104 1574 Π
1123 1554 1152 1584 p.
1171 1541 1264 1584 104):
1286 1542 1510 1584 „Theophrast

120 1639 125 1645 ¹
190 1594 247 1625 hat
264 1594 297 1626 in
318 1595 439 1626 seinem
455 1595 566 1626 Buche
585 1595 665 1627 iiber
680 1596 741 1627 den
760 1595 985 1637 sprachlichen
1002 1595 1175 1628 Ausdruck
1189 1595 1234 1639 (d.
1249 1596 1268 1628 i.
1287 1595 1363 1638 περὶ
1377 1595 1508 1639 λέξεως)

191 1647 250 1678 auf
271 1647 343 1679 dem
363 1647 474 1680 Boden
498 1648 554 1680 des
579 1648 770 1680 wunderbar
792 1649 900 1681 feinen
926 1649 1185 1682 aristotelischen
1204 1649 1345 1690 Buches,
1371 1649 1427 1682 das
1450 1649 1510 1682 wir

188 1701 270 1742 jetzt
289 1702 336 1733 als
357 1702 471 1734 drittes
491 1702 546 1734 der
565 1702 725 1734 Rhetorik
744 1702 841 1742 lesen,
862 1703 913 1734 ein
932 1702 1146 1746 festgefiigtes
1166 1702 1295 1744 System
1314 1703 1438 1745 orbant,
1454 1713 1509 1736 nn—

191 1754 347 1786 mentlich
367 1755 468 1787 durch
488 1756 539 1787 die
558 1755 802 1798 Anerkennung
820 1756 1064 1789 verschiedener
1082 1755 1316 1799 Prosastile“.²)
1345 1756 1391 1789 Ut
1410 1756 1508 1789 etiam

193 1808 316 1840 alienae
338 1809 468 1850 linguae
488 1811 605 1841 testem
625 1810 768 1842 afferam:
787 1809 876 1842 Idem
901 1809 991 1851 Rhys
1016 1810 1166 1851 Roberts,
1186 1821 1282 1852 quem
1306 1809 1402 1842 modo
1422 1820 1507 1842 com·

191 1862 452 1904 memoravimus,
472 1863 510 1894 de
534 1863 705 1906 generibus
725 1863 899 1895 consentit:
926 1863 1075 1906 „Among
1101 1864 1156 1895 the
1181 1863 1286 1905 topics
1309 1850 1449 1921 infirded
1473 1862 1509 1895 in

177 1915 259 1963 1this
278 1916 368 1947 work
388 1927 490 1948 seems
513 1919 547 1949 to
567 1916 648 1948 have
674 1917 756 1948 been
782 1928 843 1949 one
869 1917 977 1949 which
1002 1917 1150 1949 becomes
1169 1928 1246 1959 very
1271 1916 1456 1958 prominent
1474 1917 1508 1948 in

175 1992 177 2010 ,
191 1968 273 2001 later
287 1969 411 2001 writers
422 1970 549 2002 —that
564 1971 600 2002 of
611 1970 666 2002 the
682 1970 771 2002 three
787 1973 879 2012 types
894 1971 932 2002 of
942 1970 1036 2012 style.
1064 1970 1095 2003 It
1109 1971 1136 2003 is
1151 1970 1314 2012 probable,
1325 1970 1396 2002 that
1406 1970 1509 2003 Theo-

171 2014 176 2046 j
191 2022 344 2064 phrastus
360 2048 367 2054 .
384 2048 391 2055 .
407 2049 414 2055 .
429 2023 604 2065 developed
625 2024 857 2066 considerably,
876 2024 938 2055 and
958 2025 991 2055 in
1006 2036 1024 2056 a
1038 2027 1124 2056 most
1143 2024 1336 2067 interesting
1354 2035 1434 2066 way,
1452 2024 1508 2057 the

286 2112 312 2144 1)
331 2110 434 2137 Nescio
453 2111 594 2144 quomodo
615 2111 749 2138 erraverit
768 2111 809 2138 vir
828 2111 927 2138 doctus
947 2112 977 2138 in
996 2111 1137 2139 sententia
1156 2111 1240 2138 Rabii
1265 2111 1421 2139 referenda.
1453 2111 1509 2138 Ra-

191 2150 255 2177 bius
271 2150 345 2176 enim
361 2150 462 2177 vitiosa
477 2160 581 2185 genera
595 2151 789 2186 Theophrasto
805 2151 963 2186 denegavit.
991 2151 1054 2185 „Me
1069 2152 1163 2179 iudice
1178 2160 1194 2177 a
1209 2151 1404 2186 Theophrasto
1412 2151 1508 2179 vitio-i

194 2190 361 2217 elocutionis
381 2191 558 2218 characteres
577 2200 633 2218 non
653 2194 719 2218 sunt
738 2192 857 2218 statuti⁴·
877 2194 914 2226 (p.
930 2194 974 2226 26)
993 2192 1090 2226 itaque
1109 2192 1253 2226 proprium
1274 2194 1416 2220 auctorem
1434 2192 1510 2219 inter

193 2230 419 2265 Theophrastum
440 2233 468 2258 et
488 2231 662 2259 Demetrium
686 2234 722 2259 H.
743 2234 812 2266 Ερμ.
832 2232 941 2259 invenit
965 2240 1001 2266 „a
1024 2240 1079 2266 quo
1099 2232 1318 2266 Theophrasteis
1341 2231 1508 2259 elocutionis

192 2270 401 2298 characteribus
421 2271 514 2298 additi
530 2273 596 2298 sunt
615 2272 727 2298 vitiosi“
746 2274 784 2306 (p.
800 2275 833 2299 27
849 2273 961 2306 Annot).
991 2271 1227 2299 Wilamowitzius
1250 2272 1296 2306 (cs.
1311 2272 1404 2299 locum
1422 2279 1508 2306 supra

193 2310 322 2345 anatum)
342 2311 505 2338 Nordenum
524 2314 593 2346 puto
614 2314 725 2339 secutus
745 2312 821 2339 idem
841 2312 916 2339 fecit.

282 2352 308 2385 2)
328 2351 368 2378 Cf.
389 2351 477 2378 etiam
499 2352 616 2380 Usener:
637 2352 753 2379 Sitzber.
769 2352 881 2379 Miinch.
897 2352 988 2379 Akad.
1010 2355 1088 2385 1892,
1108 2362 1134 2387 p.
1151 2355 1210 2380 607.
