<?xml version="1.0" encoding="UTF-8"?>
<!DOCTYPE html PUBLIC "-//W3C//DTD XHTML 1.0 Transitional//EN"
    "http://www.w3.org/TR/xhtml1/DTD/xhtml1-transitional.dtd">
<html xmlns="http://www.w3.org/1999/xhtml" xml:lang="en" lang="en">
 <head>
  <title>
</title>
<meta http-equiv="Content-Type" content="text/html;charset=utf-8" />
  <meta name='ocr-system' content='tesseract 3.04.00' />
  <meta name='ocr-capabilities' content='ocr_page ocr_carea ocr_par ocr_line ocrx_word'/>
</head>
<body>
  <div class='ocr_page' id='page_1' title='image "./detheophrastivir00strouoft_0064.png"; bbox 0 0 1566 2592; ppageno 0'>
   <div class='ocr_carea' id='block_1_1' title="bbox 224 95 951 131">
    <p class='ocr_par' dir='ltr' id='par_1_1' title="bbox 224 95 951 131">
     <span class='ocr_line' id='line_1_1' title="bbox 224 95 951 131; baseline -0.007 -4"><span class='ocrx_word' id='word_1_1' title='bbox 224 95 267 127; x_wconf 85' lang='lat'><strong>54</strong></span> <span class='ocrx_word' id='word_1_2' title='bbox 812 96 905 131; x_wconf 84' lang='lat' dir='ltr'><strong>Caput</strong></span> <span class='ocrx_word' id='word_1_3' title='bbox 918 96 951 123; x_wconf 90' lang='lat' dir='ltr'><strong>V.</strong></span> 
     </span>
    </p>
   </div>
   <div class='ocr_carea' id='block_1_2' title="bbox 223 177 1540 329">
    <p class='ocr_par' dir='ltr' id='par_1_2' title="bbox 223 177 1540 329">
     <span class='ocr_line' id='line_1_2' title="bbox 223 177 1538 221; baseline 0.002 -12"><span class='ocrx_word' id='word_1_4' title='bbox 223 177 333 210; x_wconf 87' lang='lat' dir='ltr'><strong>redeat</strong></span> <span class='ocrx_word' id='word_1_5' title='bbox 360 178 552 219; x_wconf 76' lang='lat' dir='ltr'><strong>praeceptio.</strong></span> <span class='ocrx_word' id='word_1_6' title='bbox 589 177 652 216; x_wconf 83' lang='lat' dir='ltr'><strong>Qui</strong></span> <span class='ocrx_word' id='word_1_7' title='bbox 681 178 781 221; x_wconf 84' lang='lat' dir='ltr'><strong>igitur</strong></span> <span class='ocrx_word' id='word_1_8' title='bbox 809 178 849 210; x_wconf 88' lang='lat' dir='ltr'><strong>ad</strong></span> <span class='ocrx_word' id='word_1_9' title='bbox 877 178 1069 211; x_wconf 71' lang='lat' dir='ltr'><strong>elocutionis</strong></span> <span class='ocrx_word' id='word_1_10' title='bbox 1097 179 1276 212; x_wconf 76' lang='lat' dir='ltr'><strong>doctrinam</strong></span> <span class='ocrx_word' id='word_1_11' title='bbox 1306 180 1538 212; x_wconf 86' lang='lat' dir='ltr'><strong>restituendam</strong></span> 
     </span>
     <span class='ocr_line' id='line_1_3' title="bbox 225 230 1540 275; baseline 0.003 -13"><span class='ocrx_word' id='word_1_12' title='bbox 225 232 331 263; x_wconf 89' lang='lat' dir='ltr'><strong>utitur</strong></span> <span class='ocrx_word' id='word_1_13' title='bbox 349 230 525 263; x_wconf 84' lang='lat' dir='ltr'><strong>virtutibus</strong></span> <span class='ocrx_word' id='word_1_14' title='bbox 543 231 707 273; x_wconf 86' lang='lat' dir='ltr'><strong>narrandi,</strong></span> <span class='ocrx_word' id='word_1_15' title='bbox 726 233 836 264; x_wconf 84' lang='lat' dir='ltr'><strong>caveat</strong></span> <span class='ocrx_word' id='word_1_16' title='bbox 854 242 983 264; x_wconf 86' lang='lat' dir='ltr'><strong>necesse</strong></span> <span class='ocrx_word' id='word_1_17' title='bbox 1003 234 1065 274; x_wconf 87' lang='lat' dir='ltr'><strong>est,</strong></span> <span class='ocrx_word' id='word_1_18' title='bbox 1084 243 1124 264; x_wconf 90' lang='lat' dir='ltr'><strong>ne</strong></span> <span class='ocrx_word' id='word_1_19' title='bbox 1143 233 1200 265; x_wconf 86' lang='lat' dir='ltr'><strong>illa</strong></span> <span class='ocrx_word' id='word_1_20' title='bbox 1219 232 1258 264; x_wconf 91' lang='lat' dir='ltr'><strong>ad</strong></span> <span class='ocrx_word' id='word_1_21' title='bbox 1277 243 1326 266; x_wconf 75' lang='lat' dir='ltr'><strong>res</strong></span> <span class='ocrx_word' id='word_1_22' title='bbox 1343 233 1540 275; x_wconf 84' lang='lat' dir='ltr'><strong>pertinentia</strong></span> 
     </span>
     <span class='ocr_line' id='line_1_4' title="bbox 224 285 1386 329; baseline 0.003 -13"><span class='ocrx_word' id='word_1_23' title='bbox 224 285 321 316; x_wconf 86' lang='lat' dir='ltr'><strong>etiam</strong></span> <span class='ocrx_word' id='word_1_24' title='bbox 341 285 375 317; x_wconf 91' lang='lat' dir='ltr'><strong>in</strong></span> <span class='ocrx_word' id='word_1_25' title='bbox 394 285 586 317; x_wconf 72' lang='lat' dir='ltr'><strong>elocutionis</strong></span> <span class='ocrx_word' id='word_1_26' title='bbox 605 287 740 327; x_wconf 84' lang='lat' dir='ltr'><strong>partem,</strong></span> <span class='ocrx_word' id='word_1_27' title='bbox 759 296 778 317; x_wconf 87' lang='lat' dir='ltr'><strong>a</strong></span> <span class='ocrx_word' id='word_1_28' title='bbox 797 296 861 327; x_wconf 85' lang='lat' dir='ltr'><strong>qua</strong></span> <span class='ocrx_word' id='word_1_29' title='bbox 879 287 974 327; x_wconf 88' lang='lat' dir='ltr'><strong>plane</strong></span> <span class='ocrx_word' id='word_1_30' title='bbox 994 286 1098 318; x_wconf 89' lang='lat' dir='ltr'><strong>aliena</strong></span> <span class='ocrx_word' id='word_1_31' title='bbox 1117 288 1201 327; x_wconf 90' lang='lat' dir='ltr'><strong>sunt,</strong></span> <span class='ocrx_word' id='word_1_32' title='bbox 1220 286 1386 329; x_wconf 87' lang='lat' dir='ltr'><strong>traiciat.¹)</strong></span> 
     </span>
    </p>
   </div>
   <div class='ocr_carea' id='block_1_3' title="bbox 768 438 996 476">
    <p class='ocr_par' dir='ltr' id='par_1_3' title="bbox 768 438 996 476">
     <span class='ocr_line' id='line_1_5' title="bbox 768 438 996 476; baseline 0 -1"><span class='ocrx_word' id='word_1_33' title='bbox 768 438 925 475; x_wconf 84' lang='lat' dir='ltr'>CAPUT</span> <span class='ocrx_word' id='word_1_34' title='bbox 954 439 996 476; x_wconf 92' lang='lat' dir='ltr'><strong>V.</strong></span> 
     </span>
    </p>
   </div>
   <div class='ocr_carea' id='block_1_4' title="bbox 322 516 1438 637">
    <p class='ocr_par' dir='ltr' id='par_1_4' title="bbox 322 516 1438 637">
     <span class='ocr_line' id='line_1_6' title="bbox 322 516 1438 637; baseline 0.002 -72"><span class='ocrx_word' id='word_1_35' title='bbox 322 516 395 565; x_wconf 85' lang='lat' dir='ltr'><strong>DE</strong></span> <span class='ocrx_word' id='word_1_36' title='bbox 424 516 715 566; x_wconf 88' lang='lat' dir='ltr'><strong>VIRTUTUM</strong></span> <span class='ocrx_word' id='word_1_37' title='bbox 742 516 1149 637; x_wconf 43' lang='lat' dir='ltr'><strong>Igg&#39;lsslltglllqlEAPUD</strong></span> <span class='ocrx_word' id='word_1_38' title='bbox 1178 517 1438 567; x_wconf 82' lang='lat' dir='ltr'><strong>ROMANOS</strong></span> 
     </span>
    </p>
   </div>
   <div class='ocr_carea' id='block_1_5' title="bbox 225 678 1542 1203">
    <p class='ocr_par' dir='ltr' id='par_1_5' title="bbox 225 678 1542 1203">
     <span class='ocr_line' id='line_1_7' title="bbox 313 678 1540 720; baseline 0.002 -10"><span class='ocrx_word' id='word_1_39' title='bbox 313 678 536 710; x_wconf 89' lang='lat' dir='ltr'><strong>Ducentorum</strong></span> <span class='ocrx_word' id='word_1_40' title='bbox 555 678 622 710; x_wconf 88' lang='lat' dir='ltr'><strong>fere</strong></span> <span class='ocrx_word' id='word_1_41' title='bbox 641 689 799 710; x_wconf 89' lang='lat' dir='ltr'><strong>annorum</strong></span> <span class='ocrx_word' id='word_1_42' title='bbox 820 679 962 720; x_wconf 86' lang='lat' dir='ltr'><strong>spatium</strong></span> <span class='ocrx_word' id='word_1_43' title='bbox 982 679 1235 711; x_wconf 84' lang='lat' dir='ltr'><strong>intermittamus</strong></span> <span class='ocrx_word' id='word_1_44' title='bbox 1255 680 1287 711; x_wconf 85' lang='lat' dir='ltr'><strong>et</strong></span> <span class='ocrx_word' id='word_1_45' title='bbox 1306 679 1339 711; x_wconf 89' lang='lat' dir='ltr'><strong>in</strong></span> <span class='ocrx_word' id='word_1_46' title='bbox 1352 679 1540 712; x_wconf 79' lang='lat' dir='ltr'><strong>recentioris</strong></span> 
     </span>
     <span class='ocr_line' id='line_1_8' title="bbox 226 731 1542 775; baseline 0.001 -11"><span class='ocrx_word' id='word_1_47' title='bbox 226 733 341 764; x_wconf 88' lang='lat' dir='ltr'><strong>aetatis</strong></span> <span class='ocrx_word' id='word_1_48' title='bbox 361 732 482 774; x_wconf 89' lang='lat' dir='ltr'><strong>scripta</strong></span> <span class='ocrx_word' id='word_1_49' title='bbox 500 732 661 764; x_wconf 87' lang='lat' dir='ltr'><strong>rhetorica</strong></span> <span class='ocrx_word' id='word_1_50' title='bbox 679 731 803 764; x_wconf 84' lang='lat' dir='ltr'><strong>Latinis</strong></span> <span class='ocrx_word' id='word_1_51' title='bbox 822 733 940 764; x_wconf 88' lang='lat' dir='ltr'><strong>litteris</strong></span> <span class='ocrx_word' id='word_1_52' title='bbox 960 732 1111 764; x_wconf 89' lang='lat' dir='ltr'><strong>mandata</strong></span> <span class='ocrx_word' id='word_1_53' title='bbox 1129 733 1310 765; x_wconf 77' lang='lat' dir='ltr'><strong>accuratius</strong></span> <span class='ocrx_word' id='word_1_54' title='bbox 1330 733 1542 775; x_wconf 89' lang='lat' dir='ltr'><strong>inquiramus,</strong></span> 
     </span>
     <span class='ocr_line' id='line_1_9' title="bbox 226 785 1540 829; baseline 0 -11"><span class='ocrx_word' id='word_1_55' title='bbox 226 797 322 827; x_wconf 89' lang='lat' dir='ltr'><strong>quam</strong></span> <span class='ocrx_word' id='word_1_56' title='bbox 341 785 437 818; x_wconf 88' lang='lat' dir='ltr'><strong>nobis</strong></span> <span class='ocrx_word' id='word_1_57' title='bbox 451 785 609 817; x_wconf 88' lang='lat' dir='ltr'><strong>virtutum</strong></span> <span class='ocrx_word' id='word_1_58' title='bbox 628 786 787 817; x_wconf 88' lang='lat' dir='ltr'><strong>rationem</strong></span> <span class='ocrx_word' id='word_1_59' title='bbox 808 786 987 817; x_wconf 87' lang='lat' dir='ltr'><strong>ostendant.</strong></span> <span class='ocrx_word' id='word_1_60' title='bbox 1016 785 1125 827; x_wconf 82' lang='lat' dir='ltr'><strong>Atque</strong></span> <span class='ocrx_word' id='word_1_61' title='bbox 1139 786 1263 827; x_wconf 91' lang='lat' dir='ltr'><strong>primus</strong></span> <span class='ocrx_word' id='word_1_62' title='bbox 1278 786 1408 828; x_wconf 88' lang='lat' dir='ltr'><strong>quidem</strong></span> <span class='ocrx_word' id='word_1_63' title='bbox 1422 786 1540 829; x_wconf 79' lang='lat' dir='ltr'><strong>dignus</strong></span> 
     </span>
     <span class='ocr_line' id='line_1_10' title="bbox 225 838 1540 881; baseline 0.002 -11"><span class='ocrx_word' id='word_1_64' title='bbox 225 841 287 881; x_wconf 86' lang='lat' dir='ltr'><strong>est,</strong></span> <span class='ocrx_word' id='word_1_65' title='bbox 311 839 366 880; x_wconf 91' lang='lat' dir='ltr'><strong>qui</strong></span> <span class='ocrx_word' id='word_1_66' title='bbox 391 838 554 880; x_wconf 78' lang='lat' dir='ltr'><strong>audiatur,</strong></span> <span class='ocrx_word' id='word_1_67' title='bbox 577 838 619 871; x_wconf 89' lang='lat' dir='ltr'><strong>M.</strong></span> <span class='ocrx_word' id='word_1_68' title='bbox 640 838 767 871; x_wconf 89' lang='lat' dir='ltr'><strong>Tullius</strong></span> <span class='ocrx_word' id='word_1_69' title='bbox 787 838 907 871; x_wconf 90' lang='lat' dir='ltr'><strong>Cicer0.</strong></span> <span class='ocrx_word' id='word_1_70' title='bbox 937 839 1038 877; x_wconf 89' lang='lat' dir='ltr'><strong>Quem</strong></span> <span class='ocrx_word' id='word_1_71' title='bbox 1062 850 1122 871; x_wconf 87' lang='lat' dir='ltr'><strong>nos</strong></span> <span class='ocrx_word' id='word_1_72' title='bbox 1146 839 1210 871; x_wconf 92' lang='lat' dir='ltr'><strong>iam</strong></span> <span class='ocrx_word' id='word_1_73' title='bbox 1234 839 1268 872; x_wconf 90' lang='lat' dir='ltr'><strong>in</strong></span> <span class='ocrx_word' id='word_1_74' title='bbox 1291 839 1392 872; x_wconf 84' lang='lat' dir='ltr'><strong>altero</strong></span> <span class='ocrx_word' id='word_1_75' title='bbox 1411 842 1540 872; x_wconf 76' lang='lat' dir='ltr'><strong>nostrae</strong></span> 
     </span>
     <span class='ocr_line' id='line_1_11' title="bbox 225 892 1541 934; baseline 0.002 -10"><span class='ocrx_word' id='word_1_76' title='bbox 225 893 453 934; x_wconf 81' lang='lat' dir='ltr'><strong>disputationis</strong></span> <span class='ocrx_word' id='word_1_77' title='bbox 474 892 579 934; x_wconf 89' lang='lat' dir='ltr'><strong>capite</strong></span> <span class='ocrx_word' id='word_1_78' title='bbox 599 892 638 923; x_wconf 87' lang='lat' dir='ltr'><strong>ad</strong></span> <span class='ocrx_word' id='word_1_79' title='bbox 658 893 880 924; x_wconf 85' lang='lat' dir='ltr'><strong>testimonium</strong></span> <span class='ocrx_word' id='word_1_80' title='bbox 901 893 939 924; x_wconf 89' lang='lat' dir='ltr'><strong>de</strong></span> <span class='ocrx_word' id='word_1_81' title='bbox 959 893 1135 925; x_wconf 85' lang='lat' dir='ltr'><strong>virtutibus</strong></span> <span class='ocrx_word' id='word_1_82' title='bbox 1155 893 1346 934; x_wconf 85' lang='lat' dir='ltr'><strong>elocutionis</strong></span> <span class='ocrx_word' id='word_1_83' title='bbox 1371 893 1541 926; x_wconf 78' lang='lat' dir='ltr'><strong>dicendum</strong></span> 
     </span>
     <span class='ocr_line' id='line_1_12' title="bbox 225 946 1542 988; baseline 0.002 -11"><span class='ocrx_word' id='word_1_84' title='bbox 225 946 466 988; x_wconf 84' lang='lat' dir='ltr'><strong>advocavimus,</strong></span> <span class='ocrx_word' id='word_1_85' title='bbox 496 946 573 987; x_wconf 88' lang='lat' dir='ltr'><strong>quia</strong></span> <span class='ocrx_word' id='word_1_86' title='bbox 598 946 625 978; x_wconf 91' lang='lat' dir='ltr'><strong>is</strong></span> <span class='ocrx_word' id='word_1_87' title='bbox 651 957 717 978; x_wconf 89' lang='lat' dir='ltr'><strong>non</strong></span> <span class='ocrx_word' id='word_1_88' title='bbox 743 946 848 979; x_wconf 89' lang='lat' dir='ltr'><strong>solum</strong></span> <span class='ocrx_word' id='word_1_89' title='bbox 875 947 914 979; x_wconf 90' lang='lat' dir='ltr'><strong>de</strong></span> <span class='ocrx_word' id='word_1_90' title='bbox 940 957 998 978; x_wconf 87' lang='lat' dir='ltr'><strong>sua</strong></span> <span class='ocrx_word' id='word_1_91' title='bbox 1023 947 1125 988; x_wconf 90' lang='lat' dir='ltr'><strong>ipsius</strong></span> <span class='ocrx_word' id='word_1_92' title='bbox 1151 947 1275 979; x_wconf 88' lang='lat' dir='ltr'><strong>ratione</strong></span> <span class='ocrx_word' id='word_1_93' title='bbox 1301 947 1459 979; x_wconf 82' lang='lat' dir='ltr'><strong>virtutum</strong></span> <span class='ocrx_word' id='word_1_94' title='bbox 1485 946 1542 980; x_wconf 88' lang='lat' dir='ltr'><strong>sed</strong></span> 
     </span>
     <span class='ocr_line' id='line_1_13' title="bbox 225 999 1542 1043; baseline 0.002 -12"><span class='ocrx_word' id='word_1_95' title='bbox 225 1000 321 1032; x_wconf 87' lang='lat' dir='ltr'><strong>etiam</strong></span> <span class='ocrx_word' id='word_1_96' title='bbox 349 999 387 1031; x_wconf 89' lang='lat' dir='ltr'><strong>de</strong></span> <span class='ocrx_word' id='word_1_97' title='bbox 407 999 623 1041; x_wconf 85' lang='lat' dir='ltr'><strong>Theophrasti</strong></span> <span class='ocrx_word' id='word_1_98' title='bbox 646 1011 705 1032; x_wconf 90' lang='lat' dir='ltr'><strong>nos</strong></span> <span class='ocrx_word' id='word_1_99' title='bbox 729 1000 807 1032; x_wconf 87' lang='lat' dir='ltr'><strong>facit</strong></span> <span class='ocrx_word' id='word_1_100' title='bbox 830 1001 990 1032; x_wconf 80' lang='lat' dir='ltr'><strong>certiores.</strong></span> <span class='ocrx_word' id='word_1_101' title='bbox 1018 999 1130 1042; x_wconf 87' lang='lat' dir='ltr'><strong>Itaque</strong></span> <span class='ocrx_word' id='word_1_102' title='bbox 1155 1000 1283 1043; x_wconf 84' lang='lat' dir='ltr'><strong>singula</strong></span> <span class='ocrx_word' id='word_1_103' title='bbox 1303 1000 1338 1032; x_wconf 88' lang='lat' dir='ltr'><strong>in</strong></span> <span class='ocrx_word' id='word_1_104' title='bbox 1355 1000 1419 1033; x_wconf 82' lang='lat' dir='ltr'><strong>hoc</strong></span> <span class='ocrx_word' id='word_1_105' title='bbox 1437 1000 1542 1043; x_wconf 82' lang='lat' dir='ltr'><strong>capite</strong></span> 
     </span>
     <span class='ocr_line' id='line_1_14' title="bbox 225 1052 1542 1096; baseline 0.001 -11"><span class='ocrx_word' id='word_1_106' title='bbox 225 1052 302 1086; x_wconf 90' lang='lat' dir='ltr'><strong>nolo</strong></span> <span class='ocrx_word' id='word_1_107' title='bbox 318 1055 472 1095; x_wconf 86' lang='lat' dir='ltr'><strong>repetere,</strong></span> <span class='ocrx_word' id='word_1_108' title='bbox 490 1055 593 1085; x_wconf 86' lang='lat' dir='ltr'><strong>totam</strong></span> <span class='ocrx_word' id='word_1_109' title='bbox 609 1054 856 1095; x_wconf 84' lang='lat' dir='ltr'><strong>argumentandi</strong></span> <span class='ocrx_word' id='word_1_110' title='bbox 870 1054 1027 1085; x_wconf 87' lang='lat' dir='ltr'><strong>rationem</strong></span> <span class='ocrx_word' id='word_1_111' title='bbox 1045 1056 1082 1086; x_wconf 91' lang='lat' dir='ltr'><strong>ut</strong></span> <span class='ocrx_word' id='word_1_112' title='bbox 1100 1054 1240 1086; x_wconf 79' lang='lat' dir='ltr'><strong>breviter</strong></span> <span class='ocrx_word' id='word_1_113' title='bbox 1258 1053 1542 1096; x_wconf 85' lang='lat' dir='ltr'><strong>comprehendam:</strong></span> 
     </span>
     <span class='ocr_line' id='line_1_15' title="bbox 225 1106 1542 1150; baseline 0.001 -11"><span class='ocrx_word' id='word_1_114' title='bbox 225 1107 376 1139; x_wconf 89' lang='lat' dir='ltr'><strong>Tulliano</strong></span> <span class='ocrx_word' id='word_1_115' title='bbox 396 1106 532 1139; x_wconf 87' lang='lat' dir='ltr'><strong>Oratore</strong></span> <span class='ocrx_word' id='word_1_116' title='bbox 555 1107 712 1149; x_wconf 83' lang='lat' dir='ltr'><strong>probatur</strong></span> <span class='ocrx_word' id='word_1_117' title='bbox 735 1107 994 1149; x_wconf 83' lang='lat' dir='ltr'><strong>Theophrastum</strong></span> <span class='ocrx_word' id='word_1_118' title='bbox 1019 1109 1173 1149; x_wconf 87' lang='lat' dir='ltr'><strong>quattuor</strong></span> <span class='ocrx_word' id='word_1_119' title='bbox 1195 1108 1333 1140; x_wconf 84' lang='lat' dir='ltr'><strong>virtutes</strong></span> <span class='ocrx_word' id='word_1_120' title='bbox 1356 1106 1429 1140; x_wconf 82' lang='lat' dir='ltr'><strong>illas</strong></span> <span class='ocrx_word' id='word_1_121' title='bbox 1451 1118 1542 1150; x_wconf 81' lang='lat' dir='ltr'><strong>prae-</strong></span> 
     </span>
     <span class='ocr_line' id='line_1_16' title="bbox 225 1160 1542 1203; baseline 0.001 -11"><span class='ocrx_word' id='word_1_122' title='bbox 225 1160 364 1203; x_wconf 83' lang='lat' dir='ltr'><strong>cepisse,</strong></span> <span class='ocrx_word' id='word_1_123' title='bbox 384 1161 481 1192; x_wconf 90' lang='lat' dir='ltr'><strong>tertio</strong></span> <span class='ocrx_word' id='word_1_124' title='bbox 501 1161 550 1192; x_wconf 90' lang='lat' dir='ltr'><strong>De</strong></span> <span class='ocrx_word' id='word_1_125' title='bbox 565 1160 616 1194; x_wconf 89' lang='lat' dir='ltr'><strong>Or.</strong></span> <span class='ocrx_word' id='word_1_126' title='bbox 636 1161 720 1193; x_wconf 87' lang='lat' dir='ltr'><strong>libro</strong></span> <span class='ocrx_word' id='word_1_127' title='bbox 741 1161 923 1193; x_wconf 88' lang='lat' dir='ltr'><strong>ostenditur</strong></span> <span class='ocrx_word' id='word_1_128' title='bbox 941 1172 1068 1193; x_wconf 91' lang='lat' dir='ltr'><strong>omnem</strong></span> <span class='ocrx_word' id='word_1_129' title='bbox 1088 1161 1327 1193; x_wconf 88' lang='lat' dir='ltr'><strong>institutionem</strong></span> <span class='ocrx_word' id='word_1_130' title='bbox 1347 1160 1463 1200; x_wconf 77' lang='grc' dir='ltr'><em>λέξεως</em></span> <span class='ocrx_word' id='word_1_131' title='bbox 1481 1161 1542 1193; x_wconf 90' lang='lat' dir='ltr'><strong>sub</strong></span> 
     </span>
    </p>
   </div>
   <div class='ocr_carea' id='block_1_6' title="bbox 164 1214 1542 1258">
    <p class='ocr_par' dir='ltr' id='par_1_6' title="bbox 164 1214 1542 1258">
     <span class='ocr_line' id='line_1_17' title="bbox 164 1214 1542 1258; baseline 0.001 -12"><span class='ocrx_word' id='word_1_132' title='bbox 164 1246 168 1249; x_wconf 87' lang='grc'><strong><em>,</em></strong></span> <span class='ocrx_word' id='word_1_133' title='bbox 225 1215 382 1246; x_wconf 82' lang='lat' dir='ltr'><strong>virtutum</strong></span> <span class='ocrx_word' id='word_1_134' title='bbox 403 1216 557 1256; x_wconf 89' lang='lat' dir='ltr'><strong>quattuor</strong></span> <span class='ocrx_word' id='word_1_135' title='bbox 571 1214 731 1256; x_wconf 87' lang='lat' dir='ltr'><strong>capitibus</strong></span> <span class='ocrx_word' id='word_1_136' title='bbox 746 1214 878 1246; x_wconf 86' lang='lat' dir='ltr'><strong>tractari</strong></span> <span class='ocrx_word' id='word_1_137' title='bbox 894 1217 925 1246; x_wconf 91' lang='lat' dir='ltr'><strong>et</strong></span> <span class='ocrx_word' id='word_1_138' title='bbox 939 1215 1072 1246; x_wconf 87' lang='lat' dir='ltr'><strong>absolvi.</strong></span> <span class='ocrx_word' id='word_1_139' title='bbox 1101 1214 1148 1247; x_wconf 92' lang='lat' dir='ltr'><strong>Ut</strong></span> <span class='ocrx_word' id='word_1_140' title='bbox 1162 1215 1195 1247; x_wconf 90' lang='lat' dir='ltr'><strong>in</strong></span> <span class='ocrx_word' id='word_1_141' title='bbox 1211 1215 1348 1258; x_wconf 86' lang='lat' dir='ltr'><strong>singulis</strong></span> <span class='ocrx_word' id='word_1_142' title='bbox 1363 1215 1542 1257; x_wconf 78' lang='lat' dir='ltr'><strong>praeceptis</strong></span> 
     </span>
    </p>
   </div>
   <div class='ocr_carea' id='block_1_7' title="bbox 190 1267 1546 2220">
    <p class='ocr_par' dir='ltr' id='par_1_7' title="bbox 185 1267 1546 2220">
     <span class='ocr_line' id='line_1_18' title="bbox 226 1267 1543 1311; baseline 0.002 -12"><span class='ocrx_word' id='word_1_143' title='bbox 226 1267 337 1300; x_wconf 86' lang='lat' dir='ltr'><strong>Cicero</strong></span> <span class='ocrx_word' id='word_1_144' title='bbox 362 1269 577 1300; x_wconf 85' lang='lat' dir='ltr'><strong>recentiorum</strong></span> <span class='ocrx_word' id='word_1_145' title='bbox 602 1269 783 1300; x_wconf 89' lang='lat' dir='ltr'><strong>studiorum</strong></span> <span class='ocrx_word' id='word_1_146' title='bbox 810 1269 967 1300; x_wconf 88' lang='lat' dir='ltr'><strong>rationem</strong></span> <span class='ocrx_word' id='word_1_147' title='bbox 994 1268 1120 1310; x_wconf 87' lang='lat' dir='ltr'><strong>habuit,</strong></span> <span class='ocrx_word' id='word_1_148' title='bbox 1148 1269 1194 1300; x_wconf 83' lang='lat' dir='ltr'><strong>ita</strong></span> <span class='ocrx_word' id='word_1_149' title='bbox 1217 1268 1251 1300; x_wconf 92' lang='lat' dir='ltr'><strong>in</strong></span> <span class='ocrx_word' id='word_1_150' title='bbox 1274 1271 1344 1300; x_wconf 85' lang='lat' dir='ltr'><strong>tota</strong></span> <span class='ocrx_word' id='word_1_151' title='bbox 1366 1269 1543 1311; x_wconf 84' lang='lat' dir='ltr'><strong>partitione</strong></span> 
     </span>
     <span class='ocr_line' id='line_1_19' title="bbox 225 1321 1544 1364; baseline 0.001 -11"><span class='ocrx_word' id='word_1_152' title='bbox 225 1321 417 1354; x_wconf 88' lang='lat' dir='ltr'><strong>elocutionis</strong></span> <span class='ocrx_word' id='word_1_153' title='bbox 433 1321 693 1363; x_wconf 85' lang='lat' dir='ltr'><strong>Theophrastum</strong></span> <span class='ocrx_word' id='word_1_154' title='bbox 708 1322 959 1364; x_wconf 82' lang='lat' dir='ltr'><strong>Peripateticum</strong></span> <span class='ocrx_word' id='word_1_155' title='bbox 979 1324 1107 1354; x_wconf 88' lang='lat' dir='ltr'><strong>secutus</strong></span> <span class='ocrx_word' id='word_1_156' title='bbox 1121 1324 1178 1354; x_wconf 89' lang='lat' dir='ltr'><strong>est.</strong></span> <span class='ocrx_word' id='word_1_157' title='bbox 1208 1321 1296 1360; x_wconf 88' lang='lat' dir='ltr'><strong>Quae</strong></span> <span class='ocrx_word' id='word_1_158' title='bbox 1316 1333 1388 1355; x_wconf 91' lang='lat' dir='ltr'><strong>cum</strong></span> <span class='ocrx_word' id='word_1_159' title='bbox 1407 1322 1454 1354; x_wconf 80' lang='lat' dir='ltr'><strong>ita</strong></span> <span class='ocrx_word' id='word_1_160' title='bbox 1468 1322 1544 1364; x_wconf 85' lang='lat' dir='ltr'><strong>sint,</strong></span> 
     </span>
     <span class='ocr_line' id='line_1_20' title="bbox 190 1369 1542 1418; baseline 0.001 -11"><span class='ocrx_word' id='word_1_161' title='bbox 190 1369 194 1411; x_wconf 58' lang='lat' dir='ltr'><strong><em>J</em></strong></span> <span class='ocrx_word' id='word_1_162' title='bbox 225 1375 319 1407; x_wconf 85' lang='lat' dir='ltr'><strong>facile</strong></span> <span class='ocrx_word' id='word_1_163' title='bbox 338 1375 539 1418; x_wconf 89' lang='lat' dir='ltr'><strong>intellegitur</strong></span> <span class='ocrx_word' id='word_1_164' title='bbox 558 1386 613 1408; x_wconf 86' lang='lat' dir='ltr'><strong>eos</strong></span> <span class='ocrx_word' id='word_1_165' title='bbox 628 1386 823 1418; x_wconf 82' lang='lat' dir='ltr'><strong>magnopere</strong></span> <span class='ocrx_word' id='word_1_166' title='bbox 837 1387 952 1418; x_wconf 86' lang='lat' dir='ltr'><strong>errare,</strong></span> <span class='ocrx_word' id='word_1_167' title='bbox 971 1376 1027 1417; x_wconf 91' lang='lat' dir='ltr'><strong>qui</strong></span> <span class='ocrx_word' id='word_1_168' title='bbox 1043 1375 1188 1408; x_wconf 86' lang='lat' dir='ltr'><strong>Ciceroni</strong></span> <span class='ocrx_word' id='word_1_169' title='bbox 1203 1375 1364 1417; x_wconf 87' lang='lat' dir='ltr'><strong>diffidunt,</strong></span> <span class='ocrx_word' id='word_1_170' title='bbox 1382 1374 1542 1418; x_wconf 84' lang='lat' dir='ltr'><strong>Dionysio</strong></span> 
     </span>
     <span class='ocr_line' id='line_1_21' title="bbox 190 1428 1544 1474; baseline 0.001 -14"><span class='ocrx_word' id='word_1_171' title='bbox 190 1470 191 1474; x_wconf 13' lang='grc' dir='ltr'><strong>Ἰ</strong></span> <span class='ocrx_word' id='word_1_172' title='bbox 226 1429 338 1461; x_wconf 87' lang='lat' dir='ltr'><strong>aliisve</strong></span> <span class='ocrx_word' id='word_1_173' title='bbox 358 1429 541 1462; x_wconf 87' lang='lat' dir='ltr'><strong>rhetoribus</strong></span> <span class='ocrx_word' id='word_1_174' title='bbox 561 1429 715 1462; x_wconf 89' lang='lat' dir='ltr'><strong>maiorem</strong></span> <span class='ocrx_word' id='word_1_175' title='bbox 734 1430 849 1462; x_wconf 83' lang='lat' dir='ltr'><strong>volunt</strong></span> <span class='ocrx_word' id='word_1_176' title='bbox 867 1429 963 1462; x_wconf 89' lang='lat' dir='ltr'><strong>fidem</strong></span> <span class='ocrx_word' id='word_1_177' title='bbox 983 1429 1110 1461; x_wconf 82' lang='lat' dir='ltr'><strong>habere.</strong></span> <span class='ocrx_word' id='word_1_178' title='bbox 1148 1428 1245 1472; x_wconf 84' lang='lat' dir='ltr'><strong>Hugo</strong></span> <span class='ocrx_word' id='word_1_179' title='bbox 1265 1429 1355 1462; x_wconf 86' lang='lat' dir='ltr'><strong>Rabe</strong></span> <span class='ocrx_word' id='word_1_180' title='bbox 1374 1429 1409 1461; x_wconf 92' lang='lat' dir='ltr'><strong>in</strong></span> <span class='ocrx_word' id='word_1_181' title='bbox 1427 1429 1544 1461; x_wconf 78' lang='lat' dir='ltr'><strong>disser-</strong></span> 
     </span>
     <span class='ocr_line' id='line_1_22' title="bbox 226 1482 1543 1525; baseline 0 -10"><span class='ocrx_word' id='word_1_182' title='bbox 226 1483 349 1515; x_wconf 84' lang='lat' dir='ltr'><strong>tatione</strong></span> <span class='ocrx_word' id='word_1_183' title='bbox 369 1483 407 1515; x_wconf 88' lang='lat' dir='ltr'><strong>de</strong></span> <span class='ocrx_word' id='word_1_184' title='bbox 427 1483 643 1525; x_wconf 84' lang='lat' dir='ltr'><strong>Theophrasti</strong></span> <span class='ocrx_word' id='word_1_185' title='bbox 662 1483 754 1515; x_wconf 91' lang='lat' dir='ltr'><strong>libris</strong></span> <span class='ocrx_word' id='word_1_186' title='bbox 772 1484 848 1525; x_wconf 79' lang='grc' dir='ltr'><strong><em>περὶ</em></strong></span> <span class='ocrx_word' id='word_1_187' title='bbox 869 1482 984 1522; x_wconf 80' lang='grc' dir='ltr'><strong><em>λέξεως</em></strong></span> <span class='ocrx_word' id='word_1_188' title='bbox 1003 1482 1197 1524; x_wconf 85' lang='lat' dir='ltr'><strong>Dionysium</strong></span> <span class='ocrx_word' id='word_1_189' title='bbox 1217 1483 1415 1525; x_wconf 85' lang='lat' dir='ltr'><strong>anteposuit,</strong></span> <span class='ocrx_word' id='word_1_190' title='bbox 1438 1483 1543 1515; x_wconf 83' lang='lat' dir='ltr'><strong>multo</strong></span> 
     </span>
     <span class='ocr_line' id='line_1_23' title="bbox 226 1536 1543 1579; baseline -0.001 -10"><span class='ocrx_word' id='word_1_191' title='bbox 226 1537 373 1569; x_wconf 81' lang='lat' dir='ltr'><strong>acerbius</strong></span> <span class='ocrx_word' id='word_1_192' title='bbox 394 1537 431 1568; x_wconf 92' lang='lat' dir='ltr'><strong>de</strong></span> <span class='ocrx_word' id='word_1_193' title='bbox 448 1537 601 1569; x_wconf 87' lang='lat' dir='ltr'><strong>Cicerone</strong></span> <span class='ocrx_word' id='word_1_194' title='bbox 621 1537 774 1569; x_wconf 90' lang='lat' dir='ltr'><strong>iudicium</strong></span> <span class='ocrx_word' id='word_1_195' title='bbox 794 1537 891 1569; x_wconf 86' lang='lat' dir='ltr'><strong>etiam</strong></span> <span class='ocrx_word' id='word_1_196' title='bbox 910 1536 1105 1569; x_wconf 83' lang='lat' dir='ltr'><strong>novissimus</strong></span> <span class='ocrx_word' id='word_1_197' title='bbox 1119 1536 1195 1568; x_wconf 87' lang='lat' dir='ltr'><strong>libri</strong></span> <span class='ocrx_word' id='word_1_198' title='bbox 1210 1537 1284 1579; x_wconf 81' lang='grc' dir='ltr'><strong><em>περὶ</em></strong></span> <span class='ocrx_word' id='word_1_199' title='bbox 1305 1536 1420 1576; x_wconf 77' lang='grc' dir='ltr'><strong><em>λέξεως</em></strong></span> <span class='ocrx_word' id='word_1_200' title='bbox 1438 1536 1543 1568; x_wconf 87' lang='lat' dir='ltr'><strong>editor</strong></span> 
     </span>
     <span class='ocr_line' id='line_1_24' title="bbox 225 1589 1543 1632; baseline 0 -10"><span class='ocrx_word' id='word_1_201' title='bbox 225 1589 375 1632; x_wconf 82' lang='lat' dir='ltr'><strong>Mayerus</strong></span> <span class='ocrx_word' id='word_1_202' title='bbox 399 1590 489 1622; x_wconf 91' lang='lat' dir='ltr'><strong>tulit:</strong></span> <span class='ocrx_word' id='word_1_203' title='bbox 522 1591 591 1623; x_wconf 90' lang='lat' dir='ltr'><strong>eius</strong></span> <span class='ocrx_word' id='word_1_204' title='bbox 617 1591 809 1632; x_wconf 89' lang='lat' dir='ltr'><strong>disponendi</strong></span> <span class='ocrx_word' id='word_1_205' title='bbox 833 1591 993 1622; x_wconf 90' lang='lat' dir='ltr'><strong>rationem</strong></span> <span class='ocrx_word' id='word_1_206' title='bbox 1015 1601 1147 1632; x_wconf 90' lang='lat' dir='ltr'><strong>prorsus</strong></span> <span class='ocrx_word' id='word_1_207' title='bbox 1171 1591 1293 1622; x_wconf 91' lang='lat' dir='ltr'><strong>nullam</strong></span> <span class='ocrx_word' id='word_1_208' title='bbox 1318 1601 1401 1631; x_wconf 87' lang='lat' dir='ltr'><strong>esse,</strong></span> <span class='ocrx_word' id='word_1_209' title='bbox 1434 1600 1543 1622; x_wconf 80' lang='lat' dir='ltr'><strong>veram</strong></span> 
     </span>
     <span class='ocr_line' id='line_1_25' title="bbox 226 1641 1544 1686; baseline 0 -11"><span class='ocrx_word' id='word_1_210' title='bbox 226 1643 442 1686; x_wconf 86' lang='lat' dir='ltr'><strong>Theophrasti</strong></span> <span class='ocrx_word' id='word_1_211' title='bbox 466 1644 648 1677; x_wconf 88' lang='lat' dir='ltr'><strong>doctrinam</strong></span> <span class='ocrx_word' id='word_1_212' title='bbox 671 1655 744 1676; x_wconf 91' lang='lat' dir='ltr'><strong>eum</strong></span> <span class='ocrx_word' id='word_1_213' title='bbox 769 1655 834 1676; x_wconf 90' lang='lat' dir='ltr'><strong>non</strong></span> <span class='ocrx_word' id='word_1_214' title='bbox 855 1643 1071 1686; x_wconf 87' lang='lat' dir='ltr'><strong>perspexisse,</strong></span> <span class='ocrx_word' id='word_1_215' title='bbox 1094 1643 1239 1676; x_wconf 89' lang='lat' dir='ltr'><strong>ordinem</strong></span> <span class='ocrx_word' id='word_1_216' title='bbox 1264 1643 1340 1675; x_wconf 91' lang='lat' dir='ltr'><strong>libri</strong></span> <span class='ocrx_word' id='word_1_217' title='bbox 1358 1643 1407 1675; x_wconf 90' lang='lat' dir='ltr'><strong>De</strong></span> <span class='ocrx_word' id='word_1_218' title='bbox 1426 1641 1480 1676; x_wconf 88' lang='lat' dir='ltr'><strong>Or.</strong></span> <span class='ocrx_word' id='word_1_219' title='bbox 1494 1641 1544 1675; x_wconf 90' lang='lat'><strong>111</strong></span> 
     </span>
     <span class='ocr_line' id='line_1_26' title="bbox 228 1696 1546 1739; baseline 0.001 -11"><span class='ocrx_word' id='word_1_220' title='bbox 228 1697 301 1729; x_wconf 88' lang='lat' dir='ltr'><strong>inde</strong></span> <span class='ocrx_word' id='word_1_221' title='bbox 320 1698 484 1739; x_wconf 84' lang='lat' dir='ltr'><strong>explicari,</strong></span> <span class='ocrx_word' id='word_1_222' title='bbox 503 1698 590 1739; x_wconf 91' lang='lat' dir='ltr'><strong>quod</strong></span> <span class='ocrx_word' id='word_1_223' title='bbox 608 1697 719 1730; x_wconf 89' lang='lat' dir='ltr'><strong>Cicero</strong></span> <span class='ocrx_word' id='word_1_224' title='bbox 739 1698 817 1730; x_wconf 89' lang='lat' dir='ltr'><strong>satis</strong></span> <span class='ocrx_word' id='word_1_225' title='bbox 837 1697 998 1730; x_wconf 84' lang='lat' dir='ltr'><strong>infelicem</strong></span> <span class='ocrx_word' id='word_1_226' title='bbox 1018 1698 1052 1729; x_wconf 95' lang='lat' dir='ltr'><strong>in</strong></span> <span class='ocrx_word' id='word_1_227' title='bbox 1071 1697 1202 1729; x_wconf 89' lang='lat' dir='ltr'><strong>modum</strong></span> <span class='ocrx_word' id='word_1_228' title='bbox 1217 1696 1433 1739; x_wconf 83' lang='lat' dir='ltr'><strong>Theophrasti</strong></span> <span class='ocrx_word' id='word_1_229' title='bbox 1451 1706 1546 1739; x_wconf 80' lang='lat' dir='ltr'><strong>quar-</strong></span> 
     </span>
     <span class='ocr_line' id='line_1_27' title="bbox 226 1749 1544 1794; baseline -0.001 -11"><span class='ocrx_word' id='word_1_230' title='bbox 226 1754 295 1783; x_wconf 91' lang='lat' dir='ltr'><strong>tum</strong></span> <span class='ocrx_word' id='word_1_231' title='bbox 314 1753 412 1793; x_wconf 86' lang='lat' dir='ltr'><strong>caput</strong></span> <span class='ocrx_word' id='word_1_232' title='bbox 431 1762 504 1783; x_wconf 90' lang='lat' dir='ltr'><strong>cum</strong></span> <span class='ocrx_word' id='word_1_233' title='bbox 524 1752 656 1794; x_wconf 88' lang='lat' dir='ltr'><strong>reliquis</strong></span> <span class='ocrx_word' id='word_1_234' title='bbox 671 1751 777 1783; x_wconf 89' lang='lat' dir='ltr'><strong>tribus</strong></span> <span class='ocrx_word' id='word_1_235' title='bbox 792 1752 1036 1793; x_wconf 85' lang='lat' dir='ltr'><strong>contaminaret,</strong></span> <span class='ocrx_word' id='word_1_236' title='bbox 1055 1761 1155 1783; x_wconf 91' lang='lat' dir='ltr'><strong>unum</strong></span> <span class='ocrx_word' id='word_1_237' title='bbox 1175 1751 1306 1792; x_wconf 88' lang='lat' dir='ltr'><strong>insuper</strong></span> <span class='ocrx_word' id='word_1_238' title='bbox 1324 1752 1421 1792; x_wconf 86' lang='lat' dir='ltr'><strong>caput</strong></span> <span class='ocrx_word' id='word_1_239' title='bbox 1439 1749 1544 1782; x_wconf 85' lang='lat' dir='ltr'><strong>Theo·</strong></span> 
     </span>
     <span class='ocr_line' id='line_1_28' title="bbox 226 1802 1543 1847; baseline 0 -11"><span class='ocrx_word' id='word_1_240' title='bbox 226 1805 428 1847; x_wconf 85' lang='lat' dir='ltr'><strong>phrasteum,</strong></span> <span class='ocrx_word' id='word_1_241' title='bbox 456 1805 543 1846; x_wconf 89' lang='lat' dir='ltr'><strong>quod</strong></span> <span class='ocrx_word' id='word_1_242' title='bbox 570 1807 654 1837; x_wconf 89' lang='lat' dir='ltr'><strong>esset</strong></span> <span class='ocrx_word' id='word_1_243' title='bbox 680 1805 718 1837; x_wconf 93' lang='lat' dir='ltr'><strong>de</strong></span> <span class='ocrx_word' id='word_1_244' title='bbox 745 1805 849 1837; x_wconf 86' lang='lat' dir='ltr'><strong>tribus</strong></span> <span class='ocrx_word' id='word_1_245' title='bbox 876 1804 1001 1837; x_wconf 87' lang='lat' dir='ltr'><strong>dicendi</strong></span> <span class='ocrx_word' id='word_1_246' title='bbox 1026 1805 1213 1847; x_wconf 78' lang='lat' dir='ltr'><strong>generibuS,</strong></span> <span class='ocrx_word' id='word_1_247' title='bbox 1239 1804 1298 1836; x_wconf 86' lang='lat' dir='ltr'><strong>sub</strong></span> <span class='ocrx_word' id='word_1_248' title='bbox 1325 1804 1442 1836; x_wconf 80' lang='lat' dir='ltr'><strong>vitiosa</strong></span> <span class='ocrx_word' id='word_1_249' title='bbox 1466 1802 1543 1836; x_wconf 80' lang='lat' dir='ltr'><strong>libri</strong></span> 
     </span>
     <span class='ocr_line' id='line_1_29' title="bbox 231 1857 1544 1901; baseline 0 -11"><span class='ocrx_word' id='word_1_250' title='bbox 231 1858 373 1890; x_wconf 89' lang='lat' dir='ltr'><strong>Tulliani</strong></span> <span class='ocrx_word' id='word_1_251' title='bbox 393 1859 606 1900; x_wconf 86' lang='lat' dir='ltr'><strong>dispositione</strong></span> <span class='ocrx_word' id='word_1_252' title='bbox 626 1870 727 1901; x_wconf 88' lang='lat' dir='ltr'><strong>paene</strong></span> <span class='ocrx_word' id='word_1_253' title='bbox 745 1860 859 1900; x_wconf 85' lang='lat' dir='ltr'><strong>latere,</strong></span> <span class='ocrx_word' id='word_1_254' title='bbox 883 1859 1036 1900; x_wconf 87' lang='lat' dir='ltr'><strong>dispersis</strong></span> <span class='ocrx_word' id='word_1_255' title='bbox 1059 1869 1098 1890; x_wconf 90' lang='lat' dir='ltr'><strong>ex</strong></span> <span class='ocrx_word' id='word_1_256' title='bbox 1120 1858 1200 1890; x_wconf 90' lang='lat' dir='ltr'><strong>locis</strong></span> <span class='ocrx_word' id='word_1_257' title='bbox 1225 1857 1258 1889; x_wconf 91' lang='lat' dir='ltr'><strong>id</strong></span> <span class='ocrx_word' id='word_1_258' title='bbox 1281 1868 1351 1890; x_wconf 86' lang='lat' dir='ltr'><strong>esse</strong></span> <span class='ocrx_word' id='word_1_259' title='bbox 1373 1857 1544 1890; x_wconf 85' lang='lat' dir='ltr'><strong>restituen—</strong></span> 
     </span>
     <span class='ocr_line' id='line_1_30' title="bbox 228 1910 1543 1956; baseline 0 -13"><span class='ocrx_word' id='word_1_260' title='bbox 228 1912 305 1943; x_wconf 93' lang='lat' dir='ltr'><strong>dum</strong></span> <span class='ocrx_word' id='word_1_261' title='bbox 325 1912 464 1955; x_wconf 87' lang='lat' dir='ltr'><strong>(Mayer:</strong></span> <span class='ocrx_word' id='word_1_262' title='bbox 484 1912 633 1956; x_wconf 88' lang='lat' dir='ltr'><strong>Prolegg.</strong></span> <span class='ocrx_word' id='word_1_263' title='bbox 649 1924 678 1954; x_wconf 93' lang='lat' dir='ltr'><strong>p.</strong></span> <span class='ocrx_word' id='word_1_264' title='bbox 693 1912 740 1944; x_wconf 91' lang='lat' dir='ltr'><strong>XI</strong></span> <span class='ocrx_word' id='word_1_265' title='bbox 751 1911 843 1955; x_wconf 86' lang='lat' dir='ltr'><strong>sqq.).</strong></span> <span class='ocrx_word' id='word_1_266' title='bbox 873 1911 1036 1944; x_wconf 89' lang='lat' dir='ltr'><strong>Confiteor</strong></span> <span class='ocrx_word' id='word_1_267' title='bbox 1059 1923 1110 1944; x_wconf 91' lang='lat' dir='ltr'><strong>me</strong></span> <span class='ocrx_word' id='word_1_268' title='bbox 1134 1922 1199 1943; x_wconf 93' lang='lat' dir='ltr'><strong>non</strong></span> <span class='ocrx_word' id='word_1_269' title='bbox 1218 1912 1287 1943; x_wconf 88' lang='lat' dir='ltr'><strong>sine</strong></span> <span class='ocrx_word' id='word_1_270' title='bbox 1306 1910 1448 1943; x_wconf 85' lang='lat' dir='ltr'><strong>lacrimis</strong></span> <span class='ocrx_word' id='word_1_271' title='bbox 1466 1910 1543 1943; x_wconf 88' lang='lat' dir='ltr'><strong>Tul·</strong></span> 
     </span>
     <span class='ocr_line' id='line_1_31' title="bbox 227 1964 1543 1998; baseline 0 -1"><span class='ocrx_word' id='word_1_272' title='bbox 227 1966 307 1997; x_wconf 90' lang='lat' dir='ltr'><strong>lium</strong></span> <span class='ocrx_word' id='word_1_273' title='bbox 326 1967 475 1998; x_wconf 88' lang='lat' dir='ltr'><strong>nostrum</strong></span> <span class='ocrx_word' id='word_1_274' title='bbox 496 1966 528 1997; x_wconf 91' lang='lat' dir='ltr'><strong>in</strong></span> <span class='ocrx_word' id='word_1_275' title='bbox 549 1966 730 1998; x_wconf 89' lang='lat' dir='ltr'><strong>Procrustis</strong></span> <span class='ocrx_word' id='word_1_276' title='bbox 749 1967 868 1998; x_wconf 89' lang='lat' dir='ltr'><strong>lectulo</strong></span> <span class='ocrx_word' id='word_1_277' title='bbox 889 1966 1043 1998; x_wconf 88' lang='lat' dir='ltr'><strong>damnoso</strong></span> <span class='ocrx_word' id='word_1_278' title='bbox 1063 1965 1182 1997; x_wconf 80' lang='lat' dir='ltr'><strong>vidisse</strong></span> <span class='ocrx_word' id='word_1_279' title='bbox 1204 1965 1383 1997; x_wconf 88' lang='lat' dir='ltr'><strong>distentum</strong></span> <span class='ocrx_word' id='word_1_280' title='bbox 1406 1967 1440 1997; x_wconf 86' lang='lat' dir='ltr'><strong>et</strong></span> <span class='ocrx_word' id='word_1_281' title='bbox 1461 1964 1543 1997; x_wconf 79' lang='lat' dir='ltr'><strong>lace-</strong></span> 
     </span>
     <span class='ocr_line' id='line_1_32' title="bbox 227 2017 1543 2062; baseline 0 -12"><span class='ocrx_word' id='word_1_282' title='bbox 227 2021 342 2051; x_wconf 87' lang='lat' dir='ltr'><strong>ratum.</strong></span> <span class='ocrx_word' id='word_1_283' title='bbox 375 2018 489 2061; x_wconf 87' lang='lat' dir='ltr'><strong>Neque</strong></span> <span class='ocrx_word' id='word_1_284' title='bbox 514 2030 588 2051; x_wconf 90' lang='lat' dir='ltr'><strong>vero</strong></span> <span class='ocrx_word' id='word_1_285' title='bbox 614 2019 700 2062; x_wconf 88' lang='lat' dir='ltr'><strong>fugit</strong></span> <span class='ocrx_word' id='word_1_286' title='bbox 723 2020 890 2061; x_wconf 83' lang='lat' dir='ltr'><strong>Mayerum</strong></span> <span class='ocrx_word' id='word_1_287' title='bbox 914 2022 1015 2051; x_wconf 87' lang='lat' dir='ltr'><strong>totam</strong></span> <span class='ocrx_word' id='word_1_288' title='bbox 1040 2019 1232 2051; x_wconf 91' lang='lat' dir='ltr'><strong>elocutionis</strong></span> <span class='ocrx_word' id='word_1_289' title='bbox 1261 2018 1428 2050; x_wconf 85' lang='lat' dir='ltr'><strong>materiem</strong></span> <span class='ocrx_word' id='word_1_290' title='bbox 1456 2017 1543 2060; x_wconf 87' lang='lat' dir='ltr'><strong>apud</strong></span> 
     </span>
     <span class='ocr_line' id='line_1_33' title="bbox 227 2062 1543 2118; baseline -0.001 -14"><span class='ocrx_word' id='word_1_291' title='bbox 227 2072 413 2105; x_wconf 89' lang='lat' dir='ltr'><strong>Ciceronem</strong></span> <span class='ocrx_word' id='word_1_292' title='bbox 434 2073 608 2105; x_wconf 89' lang='lat' dir='ltr'><strong>secundum</strong></span> <span class='ocrx_word' id='word_1_293' title='bbox 635 2076 789 2115; x_wconf 84' lang='lat' dir='ltr'><strong>quattuor</strong></span> <span class='ocrx_word' id='word_1_294' title='bbox 808 2062 933 2105; x_wconf 78' lang='lat' dir='ltr'><strong>dicendi</strong></span> <span class='ocrx_word' id='word_1_295' title='bbox 953 2073 1088 2104; x_wconf 86' lang='lat' dir='ltr'><strong>virtutes</strong></span> <span class='ocrx_word' id='word_1_296' title='bbox 1107 2083 1176 2104; x_wconf 86' lang='lat' dir='ltr'><strong>esse</strong></span> <span class='ocrx_word' id='word_1_297' title='bbox 1196 2072 1347 2113; x_wconf 87' lang='lat' dir='ltr'><strong>divisam,</strong></span> <span class='ocrx_word' id='word_1_298' title='bbox 1373 2083 1439 2117; x_wconf 68' lang='lat' dir='ltr'><strong>non</strong></span> <span class='ocrx_word' id='word_1_299' title='bbox 1457 2072 1543 2118; x_wconf 63' lang='lat' dir='ltr'><strong>fugit</strong></span> 
     </span>
     <span class='ocr_line' id='line_1_34' title="bbox 195 2125 1542 2171; baseline -0.001 -13"><span class='ocrx_word' id='word_1_300' title='bbox 195 2156 198 2168; x_wconf 79' lang='grc'>,</span> <span class='ocrx_word' id='word_1_301' title='bbox 226 2138 300 2170; x_wconf 80' lang='lat' dir='ltr'><strong>eum</strong></span> <span class='ocrx_word' id='word_1_302' title='bbox 318 2131 526 2171; x_wconf 72' lang='grc' dir='ltr'><strong><em>χαρακτῆρας</em></strong></span> <span class='ocrx_word' id='word_1_303' title='bbox 544 2126 660 2166; x_wconf 76' lang='grc' dir='ltr'><em>λέξεως</em></span> <span class='ocrx_word' id='word_1_304' title='bbox 679 2127 718 2158; x_wconf 89' lang='lat' dir='ltr'><strong>ab</strong></span> <span class='ocrx_word' id='word_1_305' title='bbox 738 2127 800 2159; x_wconf 92' lang='lat' dir='ltr'><strong>hoc</strong></span> <span class='ocrx_word' id='word_1_306' title='bbox 820 2126 931 2158; x_wconf 88' lang='lat' dir='ltr'><strong>ordine</strong></span> <span class='ocrx_word' id='word_1_307' title='bbox 951 2137 1020 2158; x_wconf 88' lang='lat' dir='ltr'><strong>esse</strong></span> <span class='ocrx_word' id='word_1_308' title='bbox 1039 2126 1169 2158; x_wconf 88' lang='lat' dir='ltr'><strong>alienos.</strong></span> <span class='ocrx_word' id='word_1_309' title='bbox 1199 2125 1287 2164; x_wconf 87' lang='lat' dir='ltr'><strong>Quos</strong></span> <span class='ocrx_word' id='word_1_310' title='bbox 1313 2125 1401 2167; x_wconf 91' lang='lat' dir='ltr'><strong>quod</strong></span> <span class='ocrx_word' id='word_1_311' title='bbox 1424 2125 1542 2158; x_wconf 84' lang='lat' dir='ltr'><strong>nihilo-</strong></span> 
     </span>
     <span class='ocr_line' id='line_1_35' title="bbox 204 2172 1542 2220; baseline -0.001 -8"><span class='ocrx_word' id='word_1_312' title='bbox 204 2172 206 2174; x_wconf 26' lang='lat'><em>*</em></span> <span class='ocrx_word' id='word_1_313' title='bbox 226 2181 333 2212; x_wconf 89' lang='lat' dir='ltr'><strong>minus</strong></span> <span class='ocrx_word' id='word_1_314' title='bbox 353 2192 372 2212; x_wconf 86' lang='lat' dir='ltr'><strong>a</strong></span> <span class='ocrx_word' id='word_1_315' title='bbox 390 2179 542 2212; x_wconf 89' lang='lat' dir='ltr'><strong>Cicerone</strong></span> <span class='ocrx_word' id='word_1_316' title='bbox 561 2183 715 2213; x_wconf 83' lang='lat' dir='ltr'><strong>tractatos</strong></span> <span class='ocrx_word' id='word_1_317' title='bbox 735 2191 804 2213; x_wconf 92' lang='lat' dir='ltr'><strong>esse</strong></span> <span class='ocrx_word' id='word_1_318' title='bbox 828 2179 954 2212; x_wconf 84' lang='lat' dir='ltr'><strong>studuit</strong></span> <span class='ocrx_word' id='word_1_319' title='bbox 975 2179 1208 2220; x_wconf 85' lang='lat' dir='ltr'><strong>demonstrare,</strong></span> <span class='ocrx_word' id='word_1_320' title='bbox 1232 2180 1294 2211; x_wconf 88' lang='lat' dir='ltr'><strong>hoc</strong></span> <span class='ocrx_word' id='word_1_321' title='bbox 1317 2178 1542 2212; x_wconf 86' lang='lat' dir='ltr'><strong>resistentibus</strong></span> 
     </span>
    </p>
   </div>
   <div class='ocr_carea' id='block_1_8' title="bbox 318 2275 1439 2312">
    <p class='ocr_par' dir='ltr' id='par_1_8' title="bbox 318 2275 1439 2312">
     <span class='ocr_line' id='line_1_36' title="bbox 318 2275 1439 2312; baseline -0.002 -8"><span class='ocrx_word' id='word_1_322' title='bbox 318 2279 343 2312; x_wconf 84' lang='lat'><strong>1&gt;</strong></span> <span class='ocrx_word' id='word_1_323' title='bbox 363 2277 423 2310; x_wconf 76' lang='lat' dir='ltr'><strong>Qua</strong></span> <span class='ocrx_word' id='word_1_324' title='bbox 443 2277 471 2304; x_wconf 90' lang='lat' dir='ltr'><strong>in</strong></span> <span class='ocrx_word' id='word_1_325' title='bbox 491 2286 519 2304; x_wconf 89' lang='lat' dir='ltr'><strong>re</strong></span> <span class='ocrx_word' id='word_1_326' title='bbox 539 2277 644 2312; x_wconf 84' lang='lat' dir='ltr'><strong>ubique</strong></span> <span class='ocrx_word' id='word_1_327' title='bbox 663 2277 791 2312; x_wconf 86' lang='lat' dir='ltr'><strong>peccavit</strong></span> <span class='ocrx_word' id='word_1_328' title='bbox 810 2277 949 2312; x_wconf 77' lang='lat' dir='ltr'><strong>Mayerus,</strong></span> <span class='ocrx_word' id='word_1_329' title='bbox 969 2276 1018 2302; x_wconf 83' lang='lat' dir='ltr'><strong>sed</strong></span> <span class='ocrx_word' id='word_1_330' title='bbox 1037 2276 1124 2303; x_wconf 85' lang='lat' dir='ltr'><strong>etiam</strong></span> <span class='ocrx_word' id='word_1_331' title='bbox 1144 2275 1361 2310; x_wconf 74' lang='lat' dir='ltr'><strong>Geigenmi‘illcr,</strong></span> <span class='ocrx_word' id='word_1_332' title='bbox 1381 2275 1439 2303; x_wconf 85' lang='lat' dir='ltr'><strong>alii.</strong></span> 
     </span>
    </p>
   </div>
  </div>
 </body>
</html>
