1566 2592
419 170 459 196 De
478 169 615 196 virtutum
635 168 748 195 dicendi
768 178 830 195 cum
849 168 999 203 generibus
1019 168 1189 196 confusione.
1396 169 1461 200 115

152 253 208 284 καὶ
243 253 322 290 τοὺς
354 251 641 287 δυναστεύσαντας
676 249 712 282 ἐν
741 250 854 287 αὐτοῖς
881 250 1187 291 κατηριθμησάμην.
1223 249 1268 282 Ut
1296 249 1461 282 Ciceronis

126 339 129 342 ,
153 305 282 337 Oratori
301 304 446 346 quaestio
465 303 632 345 proposita
651 305 709 341 est,
729 303 801 344 quis
821 304 963 345 optimus
983 303 1025 334 sit
1044 306 1160 344 orator,
1175 314 1275 345 eaque
1294 303 1392 334 trium
1408 314 1461 346 ge-

151 369 263 390 nerum
283 357 403 389 auxilio
419 356 564 397 solvitur,
581 356 627 387 ita
642 355 892 387 Demosthenem
912 356 1069 397 optimum
1086 355 1269 388 Atticorum
1285 356 1461 397 Dionysius

153 412 360 451 demonstrat,
380 421 452 442 cum
472 410 505 441 in
525 409 587 441 tria
606 420 724 451 genera
743 409 884 450 reliquos
903 409 1088 450 disponeret
1107 412 1139 440 et
1158 410 1204 441 ita
1227 410 1401 450 dispositos
1420 410 1461 441 ad

154 464 424 506 comparationem
446 465 581 494 vocaret.

239 534 307 567 Iam
327 534 541 576 Theophrasti
561 534 588 566 si
608 533 826 575 meminimus,
844 533 906 565 hoc
922 544 989 565 non
1009 533 1142 565 dubium
1161 536 1225 574 est,
1244 534 1323 574 quin
1342 536 1373 565 et
1392 534 1462 565 imi-

151 588 284 620 tationis
307 588 391 619 ratio
417 589 448 619 et
474 587 568 618 unius
597 587 733 619 oratoris
762 598 837 628 prae
865 587 978 618 ceteris
1006 587 1201 628 praestantia
1229 599 1247 618 a
1274 587 1462 628 philosophi

149 642 253 674 nostri
278 643 380 673 aetate
405 642 436 672 et
460 641 574 672 studiis
603 640 771 672 rhetoricis
799 640 977 672 abhorreat.
1011 640 1124 681 Neque
1153 640 1255 671 solum
1285 640 1355 682 ipsa
1383 641 1463 672 artis

150 695 256 726 forma
270 695 304 726 in
317 694 531 726 recentiorum
547 694 712 725 rhetorum
728 693 954 725 certaminibus
970 693 1084 735 posita,
1099 694 1153 725 sed
1168 694 1263 725 etiarn
1280 693 1358 725 haec
1373 696 1463 725 tanta

151 747 380 779 Demosthenis
395 747 575 779 aestimatio
587 747 625 778 ab
637 748 693 779 illo
708 747 812 778 aliena
822 749 878 779 est.
899 747 943 778 At
957 747 1075 778 dixerit
1090 747 1248 788 quispiam
1262 747 1357 778 etiam
1368 747 1463 778 novis

151 801 267 832 studiis
286 802 427 832 veterem
447 800 626 832 doctrinam
647 801 719 832 usui
739 811 820 841 esse,
840 811 937 841 quare
955 801 1083 842 singula
1102 801 1231 842 quidem
1250 800 1367 832 iudicia
1385 800 1461 831 Dio-

154 854 248 895 nysio
264 853 375 895 danda,
390 854 452 885 tria
468 865 584 896 genera
603 854 762 885 reddenda
781 865 849 885 esse
863 853 1087 895 Theophrasto
1107 854 1275 886 inventori.
1304 853 1363 885 Cui
1384 853 1460 885 Dio-

155 907 276 948 nysius,
294 907 390 938 modo
410 907 490 939 bene
510 907 685 948 audiamus,
711 907 779 948 ipse
805 907 1004 948 contradicit,
1030 918 1102 939 cum
1129 918 1246 949 genera
1271 907 1463 939 confiteatur

152 971 217 992 non
238 960 352 992 debere
371 960 524 1002 coniungi
546 972 618 992 cum
633 960 807 992 virtutibus
827 960 967 1001 dicendi3
987 961 1077 1001 atqui
1096 962 1231 992 virtutes
1246 960 1460 1002 Theophrasti

151 1024 221 1046 esse
241 1014 318 1046 satis
339 1016 473 1046 constat.
502 1013 595 1051 Quod
614 1016 650 1045 ut
668 1014 907 1056 intellegamus,
926 1014 1107 1045 adeundum
1131 1016 1180 1045 est
1204 1016 1301 1054 caput
1320 1013 1362 1045 33
1386 1013 1462 1045 libri

96 1063 99 1066 ¹
151 1067 189 1098 de
208 1067 438 1108 Demosthene,
462 1078 526 1108 quo
545 1067 617 1099 loco
642 1070 789 1099 accurata
813 1078 887 1098 sane
906 1067 1172 1108 interpretatione
1191 1067 1284 1098 nobis
1305 1078 1385 1108 opus
1405 1069 1463 1108 est,

152 1121 304 1162 quoniam
324 1120 446 1152 lacunis
466 1121 637 1152 verborum
657 1122 826 1152 contextus
846 1123 894 1152 est
913 1121 1113 1162 depravatus.

239 1191 416 1234 Dionysius
435 1193 607 1233 postquam
626 1192 690 1223 tria
708 1203 826 1234 genera
845 1192 995 1223 tractavit
1014 1194 1110 1233 atque
1127 1202 1203 1223 usus
1219 1191 1462 1223 Demosthenici

151 1245 308 1276 rationem
337 1245 485 1286 reddidit,
512 1255 613 1286 pauca
641 1256 674 1276 se
703 1245 885 1276 additurum
914 1256 982 1277 esse
1011 1245 1182 1286 promittit,
1210 1245 1398 1286 priusquam
1421 1244 1462 1276 ad

151 1298 332 1338 σύνθεσιν,
360 1298 493 1330 alteram
513 1301 636 1339 partem
656 1303 712 1339 τῆς
732 1300 879 1339 λεκτικῆς
897 1299 1057 1340 θεωρίας,
1077 1300 1230 1329 transeat:
1257 1297 1367 1339 Ὀλίγα
1386 1298 1462 1330 τού-

151 1363 224 1391 τοις
240 1353 288 1383 ἔτι
307 1353 469 1393 προσθεῖς
487 1350 562 1391 περὶ
581 1356 638 1393 τῆς
658 1351 784 1391 λέξεως,
804 1351 855 1383 ἐπὶ
872 1352 907 1383 τὸ
927 1353 1207 1392 καταλειπόμενον
1221 1357 1279 1393 τῆς
1295 1364 1308 1380 *
1322 1365 1335 1380 ι
1347 1364 1361 1380 *
1376 1354 1462 1383 θεω-

152 1405 224 1446 ρίας
238 1404 337 1446 μέρος
355 1406 590 1446 μεταβήσομαι,
609 1410 712 1436 ταῦτα
728 1403 763 1436 δὲ
778 1403 879 1445 ἔστιν,
899 1405 918 1436 ἃ
938 1411 1007 1442 τοῖς
1026 1404 1113 1446 τρισὶ
1133 1405 1321 1445 πλάσμασιν
1341 1404 1462 1446 ὁμοίως

153 1457 331 1499 παρέπεται
359 1457 413 1489 καὶ
442 1456 511 1489 ἔστι
538 1458 660 1495 παντὸς
689 1460 790 1499 λόγου
814 1462 1074 1499 Δημοσθενικοῦ
1101 1458 1275 1499 μηνύματα
1304 1470 1461 1499 χαρακτη-

152 1511 282 1553 ριστικὰ
305 1511 357 1543 καὶ
382 1511 588 1553 ἀνυφαίρετα
612 1511 652 1554 (ο,
668 1511 711 1542 33
736 1523 765 1552 p.
785 1511 928 1554 1060R).
958 1511 991 1543 Si
1017 1512 1158 1552 capitum
1185 1513 1295 1543 seriem
1322 1512 1462 1553 reputas,

151 1564 189 1595 τὸ
209 1565 487 1606 καταλειπόμενον
506 1564 605 1606 μέρος
624 1575 692 1596 esse
716 1565 892 1606 σύνθεσιν,
917 1576 997 1605 quae
1016 1565 1090 1596 inde
1109 1577 1128 1596 a
1147 1565 1251 1606 capite
1270 1564 1313 1596 35
1337 1565 1460 1606 incipit,

154 1620 295 1659 apparet.
325 1616 485 1659 Sequitur,
504 1620 541 1649 ut
560 1618 640 1649 illud
659 1623 761 1650 ταῦτα
780 1618 817 1649 δὲ
831 1616 900 1650 ἔστι
920 1621 986 1650 κτλ.
1006 1618 1207 1650 referendum
1223 1619 1266 1650 sit
1280 1618 1319 1649 ad
1337 1618 1461 1658 ὀλίγα,

153 1681 220 1702 non
239 1671 277 1702 ad
296 1672 574 1712 καταλειπόμενον
593 1670 704 1713 μέρος,
726 1682 824 1712 quare
850 1671 936 1702 haud
960 1672 1024 1703 scio
1049 1683 1089 1703 an
1113 1671 1229 1703 editori
1252 1671 1369 1703 rectius
1389 1673 1463 1702 ante

153 1728 256 1756 ταῦτα
275 1724 421 1766 graviore
440 1724 656 1756 distinctionis
673 1726 766 1766 signo
786 1726 940 1756 utendum
954 1725 1059 1756 fuerit.
1089 1725 1134 1756 At
1149 1736 1229 1766 quae
1249 1727 1298 1757 est
1314 1726 1369 1756 illa
1387 1735 1462 1766 pars

152 1788 249 1818 quam
268 1780 343 1819 post
357 1778 419 1809 tria
438 1788 555 1820 genera
575 1778 809 1820 adiungendam
824 1778 886 1809 sibi
901 1780 994 1819 putat
1008 1779 1098 1810 esse?
1118 1778 1343 1810 Demosthenis
1362 1777 1461 1809 facul—

151 1833 202 1862 tas
221 1831 345 1862 dicendi
372 1831 435 1862 iam
455 1832 495 1863 ad
519 1842 672 1873 generum
697 1842 849 1863 canonem
871 1832 916 1863 ita
940 1832 1100 1863 illustrata
1119 1834 1179 1873 est,
1208 1834 1244 1863 ut
1263 1831 1460 1873 comparatio

152 1884 243 1915 fieret
263 1895 334 1916 cum
354 1885 495 1926 reliquis,
516 1885 632 1926 quibus
652 1886 828 1925 praestaret
847 1885 965 1916 Atticis
985 1885 1175 1916 oratoribus.

242 1954 354 1987 Restat
373 1956 481 1998 igitur,
500 1958 536 1988 ut
555 1957 638 1988 ratio
659 1957 792 1997 dicendi,
808 1967 870 1997 qua
885 1967 961 1988 usus
976 1956 1019 1987 sit
1033 1956 1274 1995 Demosthenes,
1289 1966 1327 1986 ex
1343 1967 1375 1987 se
1390 1955 1462 1996 ipsa

153 2007 389 2040 demonstretur
407 2009 538 2050 eiusque
557 2010 666 2041 laudes
690 2010 851 2051 propriae,
875 2009 984 2051 quales
1008 2010 1129 2041 fuerint
1147 2010 1179 2040 in
1205 2009 1292 2040 omni
1316 2010 1460 2040 oratione

152 2063 185 2092 et
204 2061 291 2093 omni
306 2064 396 2102 parte
416 2064 580 2104 orationis,
598 2063 697 2095 missa
715 2074 867 2105 generum
886 2063 1059 2104 partitione
1078 2063 1343 2094 demonstrentur.
1374 2062 1460 2093 Haec

153 2116 241 2146 sunt:
261 2114 280 2146 ἃ
299 2120 368 2152 τοῖς
383 2116 470 2156 τρισὶ
488 2117 676 2158 πλάσμασιν
695 2116 815 2157 ὁμοίως
833 2116 1020 2158 παρέπεται.
1045 2115 1171 2148 Scimus
1191 2127 1261 2147 eam
1281 2116 1460 2147 doctrinam

151 2167 277 2207 λέξεως,
293 2179 373 2209 quae
392 2168 570 2210 simplicem
590 2170 804 2201 instituendae
820 2170 897 2201 artis
916 2170 1073 2201 rationem
1093 2171 1267 2210 conservet,
1286 2169 1460 2201 virtutibus

152 2220 402 2262 Theophrasteis
421 2222 591 2263 contineri,
614 2225 646 2254 et
663 2234 773 2254 revera
800 2223 975 2264 Dionysius
1004 2223 1067 2254 alio
1086 2224 1171 2263 loco,
1190 2222 1246 2253 ubi
1265 2222 1374 2253 eadem
1393 2222 1460 2253 fere

152 2274 250 2306 verba
273 2275 402 2316 repetit,
428 2286 486 2316 pro
513 2275 609 2307 dubia
627 2287 704 2308 voce
724 2276 744 2308 ἃ
764 2279 885 2308 certum
905 2287 1023 2307 nomen
1047 2277 1174 2317 reponit
1193 2287 1222 2316 p.
1241 2275 1373 2307 1062R:
1401 2276 1460 2312 τὰς

152 2333 248 2370 κοινῇ
268 2329 589 2369 παρακολουθούσας
607 2334 687 2361 πᾶσι
705 2335 774 2366 τοῖς
793 2330 980 2370 πλάσμασιν
999 2329 1145 2371 ἀρετάς.

1209 2381 1245 2407 8*
