1566 2592
174 133 214 165 18
759 129 851 164 Caput
870 129 902 156 11.

172 214 380 257 intellegitur.
418 212 539 251 Quodsi
564 214 670 244 autem
691 211 802 244 Cicero
828 212 863 243 in
885 211 970 243 libro
989 210 1038 243 De
1057 209 1111 243 Or.
1125 210 1175 243 III
1201 211 1264 242 tria
1290 210 1346 243 illa
1371 221 1490 254 genera

172 268 357 311 πρέποντος
376 266 475 308 capiti
493 265 672 309 subiecit1),
691 275 886 307 quamquam
905 275 975 296 eam
990 264 1118 296 laudem
1138 275 1155 296 e
1169 263 1386 306 Theophrasti
1404 263 1488 297 libro

173 322 308 364 recepit,
332 331 398 352 non
417 322 479 362 est,
503 330 560 352 cur
578 318 803 361 Theophrasto
824 318 886 350 tria
905 329 1022 361 genera
1040 317 1264 350 attribuamus.
1293 317 1347 350 An
1365 317 1491 350 Aristo-

173 375 268 417 teles,
295 386 335 407 an
355 373 574 412 Quintilianus
598 372 655 404 illa
674 372 785 404 eodem
805 372 877 404 loco
897 372 1138 404 tractaverunt?
1164 370 1217 403 An
1236 371 1344 403 omnia
1363 370 1492 415 singula

174 429 344 461 verborum
365 428 552 460 ornamenta
571 429 604 458 et
623 437 743 465 omnes,
763 437 842 467 quas
857 425 1041 467 accipimus,
1060 425 1181 468 figuras
1201 424 1326 457 dicendi
1345 436 1385 457 ex
1405 424 1492 457 Cice·

174 483 263 515 ronis
282 482 366 514 libro
385 481 434 513 De
454 480 590 513 Oratore
608 479 657 512 III
680 479 778 512 etiam
803 480 837 511 in
856 478 1072 520 Theophrasti
1096 489 1178 520 opus
1200 479 1391 520 referamus,
1415 478 1492 521 quia

176 537 308 569 ornatus
332 535 460 567 laudem
481 533 666 566 Ciceronem
693 533 733 565 ab
757 543 795 565 eo
815 534 979 574 acceptam
999 532 1118 564 habere
1137 532 1368 575 cognovimus?
1385 531 1490 564 Immo

175 600 251 622 vero
272 588 397 630 Cicero,
424 588 478 630 qui
504 587 537 619 in
562 587 678 619 decoro
701 586 790 618 varia
813 586 968 627 quaedam
994 596 1112 628 genera
1134 585 1260 618 dicendi
1282 587 1422 618 tractata
1445 585 1491 618 in-

174 644 272 684 venit,
290 642 386 674 facile
405 642 469 673 tria
489 641 552 672 ista
571 651 697 683 genera,
716 651 798 682 quae
816 642 886 671 tum
904 649 1099 682 magnopere
1113 638 1264 671 valebant
1277 638 1492 680 omnibusque

175 697 301 729 dicendi
322 695 474 728 studiosis
493 696 572 726 nota
591 696 692 736 erant,
713 693 923 735 supponebat.
952 691 1037 724 Illud
1057 692 1154 724 etiam
1173 692 1491 725 animadvertendum

176 753 225 783 est
253 750 397 783 Tullium
428 750 554 790 praeter
582 747 645 779 tria
671 758 791 790 genera
818 746 899 778 alios
928 756 1057 787 quoque
1085 745 1270 788 πρέποντος
1299 745 1492 778 observandi

175 806 265 837 locos
287 813 459 845 exponere,
482 801 583 833 veluti
602 800 805 832 laudationes
824 799 1073 831 deliberationes
1093 798 1211 831 iudicia
1232 809 1393 832 sermones
1417 809 1492 832 eon-

176 857 367 889 solationem
387 854 647 898 obiurgationem
666 853 918 895 disputationem
938 851 1156 895 historiam²)‚
1178 863 1303 884 necnon
1326 851 1366 884 de
1385 862 1492 894 perso-

175 922 290 943 narum
310 912 343 942 et
361 911 543 951 temporum
564 908 743 940 differentia
763 918 835 939 eum
855 907 969 938 dicere.

267 963 462 1006 Πρέποντος
479 962 563 994 ratio
583 963 616 993 et
633 961 769 993 historia
787 960 931 992 nondum
954 960 1033 991 satis
1057 959 1218 1001 explicata
1236 962 1293 992 est.
1325 958 1432 991 Multa
1452 959 1495 992 ad

177 1030 247 1051 eam
266 1016 521 1060 cognoscendam
541 1014 735 1047 Aristoteles
755 1014 908 1056 conferet,
926 1013 1029 1045 multa
1049 1012 1087 1045 de
1107 1013 1234 1055 poetico
1253 1024 1314 1045 usu
1329 1011 1495 1055 Horatius,

178 1072 217 1104 ad
243 1071 416 1103 oratoriam
443 1069 601 1101 rationem
627 1067 784 1100 nonnulla
809 1068 952 1109 optimae
979 1067 1082 1109 frugis
1108 1066 1204 1108 plena
1227 1066 1412 1098 Demetrius
1436 1077 1496 1109 per

177 1128 283 1158 totum
306 1123 381 1166 περὶ
406 1123 579 1165 ἑρμηνείας
601 1122 747 1154 libellum
772 1121 933 1163 dispersit.
968 1119 1080 1152 Gravis
1105 1120 1197 1152 testis
1220 1119 1305 1161 apud
1329 1118 1494 1152 Romanos

177 1179 304 1211 Tullius
328 1179 385 1210 est.
423 1176 602 1218 Dionysius
625 1178 732 1207 autem
756 1173 1034 1206 Halicarnasensis
1059 1173 1259 1205 adhibendus
1283 1173 1413 1214 quidem
1436 1175 1495 1214 est,

178 1233 234 1265 sed
256 1232 407 1264 decorum
431 1230 534 1272 magis
553 1228 703 1261 laudibus
722 1229 826 1269 effert,
850 1239 947 1270 quam
967 1229 1138 1269 praecepta
1157 1227 1225 1258 eius
1245 1226 1346 1259 docet.
1373 1225 1495 1259 Recen-

177 1287 277 1319 tiores
296 1286 441 1317 rhetores
461 1283 639 1315 doctrinam
659 1281 886 1324 philosophica
905 1281 1088 1313 sinceritate
1106 1280 1243 1322 privant.
1271 1279 1360 1317 Quae
1375 1279 1495 1312 Fabius

178 1341 213 1372 in
229 1340 350 1372 librum
369 1337 417 1370 XI
435 1337 581 1379 collegit,
609 1336 672 1367 iam
693 1335 772 1367 satis
789 1335 978 1377 perturbata
997 1336 1030 1366 et
1047 1345 1087 1366 ex
1107 1334 1241 1365 diversis
1261 1333 1408 1375 partibus
1426 1344 1496 1376 per·

178 1394 280 1426 mixta
304 1394 386 1425 sunt.
415 1391 466 1423 Ita
489 1390 683 1422 recentiores
710 1390 776 1421 fere
795 1399 916 1420 omnes.
944 1388 1099 1430 Magnum
1120 1389 1229 1419 autem
1248 1397 1366 1419 nomen
1389 1387 1424 1419 in
1446 1386 1494 1419 hi-

179 1447 279 1479 storia
296 1445 480 1488 πρέποντος
499 1443 740 1485 Theophrastus
759 1444 870 1474 noster
889 1442 1058 1474 obtinebit.
1092 1440 1155 1472 Sed
1179 1450 1265 1472 nunc
1287 1451 1352 1472 non
1374 1442 1425 1472 est
1442 1440 1495 1472 his

178 1502 278 1533 locus.
315 1499 386 1531 Hoc
411 1499 444 1530 in
472 1498 576 1539 capite
604 1496 682 1529 satis
709 1498 758 1528 est
783 1496 822 1527 de
847 1495 998 1527 universa
1021 1494 1206 1536 πρέποντος
1229 1493 1337 1526 indole
1363 1493 1496 1536 eiusque

180 1556 265 1587 inter
286 1553 397 1585 laudes
419 1550 612 1584 elocutionis
635 1549 828 1582 auctoritate
848 1551 880 1580 te
904 1549 1074 1581 certiorem
1093 1548 1171 1579 fieri.
1199 1546 1267 1578 Iam
1288 1547 1328 1578 ad
1347 1548 1498 1588 quartam

179 1608 332 1640 virtutem
351 1616 531 1648 pergarnus.

600 1693 654 1726 lv.
674 1693 815 1726 Ornatus
836 1691 1078 1734 (κατασκευή).

169 1767 175 1797 s
271 1759 320 1791 De
340 1760 456 1791 ornatu
477 1756 639 1789 Ciceronis
663 1755 762 1787 verba
784 1755 818 1786 in
837 1754 973 1787 Oratore
997 1755 1063 1785 tam
1087 1754 1199 1795 aperta
1221 1754 1310 1794 sunt,
1332 1753 1370 1784 ut
1392 1761 1497 1794 neque

164 1801 221 1848 ,lde
239 1813 369 1845 nomine
388 1811 605 1852 Theophrasti
629 1820 733 1851 neque
757 1809 795 1840 de
818 1819 952 1840 numero
976 1807 1081 1839 laudis
1105 1805 1252 1838 dubitare
1275 1805 1384 1846 liceat,
1406 1815 1496 1837 nam:

158 1862 164 1907 :³
181 1868 351 1909 „quartum
375 1866 523 1896 numerat
546 1863 790 1905 Theophrastus
817 1862 850 1893 in
874 1861 1031 1892 orationis
1054 1859 1204 1892 laudibus
1228 1860 1378 1890 ornatum
1405 1857 1497 1899 illud,

156 1911 160 1945 <¹
183 1930 278 1952 suave
298 1921 330 1951 et
348 1917 498 1950 afluens.“
526 1916 563 1948 In
578 1917 639 1948 hoc
653 1916 758 1958 capite
773 1917 869 1947 etiam
884 1915 996 1956 magis,
1016 1924 1111 1955 quam
1127 1913 1161 1945 in
1175 1912 1300 1953 decoro,
1319 1911 1497 1944 cavendum

183 1976 245 2015 est,
272 1984 312 2004 ne
335 1971 538 2014 singulorum
562 1972 806 2012 praeceptorum
829 1979 930 2010 paene
954 1969 1110 2000 immensa
1133 1966 1225 2008 copia
1248 1976 1308 1997 nos
1331 1964 1498 2007 pertubari

159 2100 161 2107 A
275 2071 300 2104 1)
321 2069 361 2096 De
377 2068 420 2095 Or.
437 2067 475 2094 111
491 2070 541 2094 ‘312
562 2067 678 2100 „Itaque
697 2066 750 2093 hoc
769 2065 830 2092 loco
850 2064 923 2091 nihil
938 2071 1005 2090 sane
1020 2065 1063 2090 est
1077 2062 1152 2097 quod
1167 2062 1292 2097 praecipi
1307 2069 1390 2096 posse
1403 2061 1499 2088 videa·

184 2113 244 2143 tur,
267 2109 323 2136 nisi
346 2110 379 2135 ut
402 2109 520 2143 figuram
545 2106 889 2140 orationiscplenioritgt
907 2104 1043 2131 tenuioris
1063 2105 1091 2130 et
1109 2102 1177 2129 item
1197 2102 1273 2128 illius
1292 2101 1443 2128 mediocris
1460 2099 1497 2128 ad

184 2151 224 2184 id,
243 2150 318 2184 quod
337 2157 462 2183 agemuS‚
482 2147 723 2174 accommodatam
743 2135 1382 2180 deligamus.-Ornamentiff'eifflffiffi‘fere
1399 2133 1500 2168 licebit

149 2210 151 2217 ι
186 2191 257 2218 alias
277 2189 449 2222 contentius,
470 2188 540 2214 alias
561 2187 761 2213 summissius.“
790 2185 898 2212 Ultima
917 2184 1002 2211 verba
1021 2186 1050 2210 et
1069 2183 1176 2215 omnia,
1196 2191 1268 2216 quae
1287 2182 1344 2215 his„
1363 2188 1437 2216 quae
1454 2181 1499 2208 at-

185 2230 247 2263 tuli,
267 2230 358 2257 verbis
378 2229 559 2263 praecedunt,
579 2227 615 2254 ad
634 2226 820 2261 Theophrasti
839 2226 977 2252 rationem
997 2224 1147 2259 quadrant.

276 2272 302 2305 2)
323 2270 394 2297 Vide
414 2269 566 2296 Rhetorica
590 2267 628 2294 111
645 2270 676 2293 12
698 2269 734 2301 (p.
752 2266 864 2300 1413b),
888 2265 937 2291 ubi
957 2263 1126 2291 Aristoteles
1145 2263 1235 2289 tribus
1255 2261 1416 2297 generibus,
1439 2259 1499 2287 ἐπι-

186 2313 324 2346 ostanus,
343 2310 571 2345 συμβουλευτικοῦ,
592 2309 727 2343 δικανικῷ
748 2308 844 2341 aptam
864 2313 943 2331 suam
964 2305 1064 2338 cuique
1083 2304 1239 2330 orationem
1259 2301 1383 2329 ascribit.
