1566 2592
181 168 221 200 12
762 172 854 206 Caput
872 172 904 199 11.

164 243 360 283 dicamus‘?“
380 250 444 294 (De
459 250 511 284 Or.
525 251 575 284 III
589 252 655 296 37).
689 252 776 292 Quae
801 254 834 286 in
855 253 1010 287 Graecum
1036 265 1190 288 conversa
1209 267 1388 290 sermonem
1411 257 1492 293 hue

167 270 265 344 isunt.
285 303 489 346 ἑλληνισμός,
504 308 679 348 σαφήνεια,
698 309 892 349 κατασκευή,
905 307 1042 350 apim
1070 308 1198 341 Mutato
1215 309 1330 343 leviter
1344 310 1491 355 ordine²)

170 346 311 399 ‘'apparet
329 358 457 390 easdem
476 361 630 401 quattuor
647 360 758 393 laudes
778 362 972 404 enumerari,
995 373 1077 404 quos
1101 361 1242 395 ‘Orator’
1266 363 1492 407 Theophrasto

174 410 273 443 dedit.
306 411 395 444 Haec
418 412 518 455 igitur
541 413 623 445 ratio
647 414 732 446 inter
754 414 873 446 librum
892 415 1024 447 tertium
1043 415 1093 448 De
1112 415 1248 449 Oratore
1271 420 1304 450 et
1322 417 1491 452 Oratorem

176 464 359 508 intercedit,
383 467 421 497 ut
439 465 556 498 Orator
578 478 638 499 nos
659 467 772 500 doceat
791 467 1050 510 Theophrastum
1069 472 1232 503 auctorem
1253 473 1408 513 quattuor
1425 472 1492 504 lau-
1542 476 1544 478 ’

177 518 252 550 dum
272 529 350 559 esse,
368 519 486 551 librum
503 519 551 551 De
566 520 701 552 Oratore
715 521 847 553 tertium
868 533 976 554 earum
996 534 1091 554 usum
1110 525 1143 555 et
1161 525 1319 556 rationem
1334 524 1492 558 ostendat.

176 571 290 614 Neque
318 573 404 604 enim
433 573 620 615 quicquam,
643 575 730 616 quod
758 575 791 607 in
819 575 903 607 libro
928 575 976 608 De
991 575 1043 608 Or.
1058 576 1106 609 III
1134 577 1172 609 de
1196 578 1342 611 fontibus
1360 578 1493 622 legitur,

177 625 295 667 quibus
318 625 427 658 Cicero
453 638 529 659 usus
554 627 611 668 sit,
634 628 728 660 nobis
748 629 869 670 obstat,
893 630 1065 671 quominus
1089 632 1243 671 quattuor
1261 631 1386 674 laudes,
1409 643 1491 675 quas

177 678 310 711 Crassus
330 680 477 721 explicat,
496 692 514 712 a
529 681 753 723 Theophrasto
773 683 891 723 petitas
910 694 979 714 esse
999 694 1038 714 ex
1056 682 1201 716 Oratoris
1219 686 1406 718 testimonio
1425 697 1491 719 cre-

177 733 288 765 damus
296 732 330 775 ²),
345 733 399 765 sed
415 735 512 766 etiam
528 735 637 766 omnia
651 736 684 766 in
695 735 954 777 Theophrastum
965 736 1214 778 Peripateticum
1229 738 1310 771 bene
1325 739 1491 782 quadrant.

176 785 214 818 In
234 786 362 829 dialogo
378 798 443 818 non
462 788 571 829 potuit
587 787 697 820 Cicero
717 789 821 820 facere
838 789 988 821 Crassum
1008 792 1040 822 et
1055 790 1234 823 Antonium
1254 792 1340 825 hunc
1358 792 1492 826 illumve

177 843 338 873 auctorem
359 841 551 873 nominatim
571 842 755 883 afferentes,
775 845 811 875 ut
830 844 864 875 in
883 843 975 875 libris
995 844 1150 876 technicis
1171 845 1254 877 ratio
1278 848 1335 878 est.
1369 845 1492 880 Tamen

177 894 210 925 in
230 905 294 925 una
311 894 502 927 elocutionis
519 898 610 936 parte
625 896 813 928 auctoribus
828 896 890 928 sibi
905 897 1073 929 nitendum
1089 909 1156 930 esse
1170 899 1307 941 putavit,
1325 901 1362 932 ut
1377 910 1492 943 oppro-

176 947 283 979 brium
308 948 452 980 evitaret.
487 948 579 982 Sicut
603 949 635 981 in
656 949 824 992 ‘Oratore',
847 961 920 982 cum
944 951 1042 994 longa
1066 951 1285 993 disputatione
1307 952 1495 996 explicaret,

177 1002 254 1043 quid
274 1001 312 1033 de
331 1013 504 1034 numerosa
518 1003 664 1035 oratione
679 1004 821 1042 sentiret,
841 1005 971 1044 veritus,
985 1016 1025 1037 ne
1040 1007 1106 1037 tam
1123 1005 1252 1038 subtilis
1269 1005 1415 1039 doctrina
1428 1005 1492 1039 sibi

177 1055 325 1088 dedecori
345 1058 437 1097 esset,
457 1056 568 1088 multis
587 1057 786 1099 argumentis
805 1069 839 1090 se
859 1058 982 1099 optimo
1002 1058 1070 1090 iure
1089 1070 1126 1090 ea
1145 1059 1260 1092 docere
1284 1058 1494 1102 contendit'),

176 1110 222 1141 ita
241 1110 275 1141 in
293 1109 377 1141 libro
398 1109 446 1141 De
461 1109 514 1142 Or.
529 1109 576 1142 ΙΠ
593 1111 654 1142 187
675 1121 709 1143 se
729 1112 895 1143 excusavit
914 1111 964 1143 his
983 1112 1103 1144 verbis:
1122 1111 1250 1154 „Atque
1268 1112 1348 1146 haee
1361 1113 1491 1156 quidem

177 1163 216 1194 ab
237 1163 283 1194 eis
303 1163 517 1206 philosophis,
538 1174 619 1205 quos
638 1166 674 1196 tu
694 1165 834 1196 maxime
853 1165 972 1208 diligis,
991 1165 1112 1206 Catule,
1132 1166 1219 1199 dicta
1237 1169 1325 1209 suntr,
1347 1167 1434 1209 quod
1452 1177 1492 1200 eo

177 1217 304 1258 saepius
322 1217 492 1259 testificor,
512 1220 549 1248 ut
568 1218 743 1250 auc-toribus
765 1218 937 1251 laudandis
960 1219 1153 1260 ineptiarum
1173 1221 1292 1252 crimen
1311 1220 1492 1264 effugiam.“

177 1268 289 1302 Omnis
309 1270 347 1302 de
363 1270 524 1311 rhythmis
539 1271 629 1304 locus
644 1283 662 1303 a
678 1271 784 1304 Catuli
799 1272 1003 1315 philosophis
1018 1274 1139 1314 petitus
1154 1276 1212 1315 est,
1232 1273 1365 1306 Catulus
1383 1276 1490 1306 autem

176 1325 244 1355 erat
260 1323 501 1365 Peripateticus,
521 1335 658 1366 quorum
679 1325 811 1367 insuper
824 1327 957 1358 nomina
971 1326 1098 1359 Tullius
1115 1327 1252 1368 profert:
1270 1326 1495 1370 ,‚Aristoteles,

177 1376 302 1418 Catule,
328 1378 451 1409 vester“
470 1377 628 1421 (111182)
653 1381 685 1410 et
713 1379 803 1411 brevi
829 1382 917 1421 post:
942 1379 1109 1422 „Namque
1134 1391 1195 1423 ego
1221 1381 1303 1413 illud
1328 1381 1492 1414 adsentior

176 1430 414 1473 Theophrasto,
439 1432 497 1473 qui
514 1434 608 1473 putat
632 1432 824 1474 orationem,
848 1444 930 1475 quae
949 1433 1078 1475 quidem
1103 1434 1146 1466 sit
1169 1434 1272 1476 polita
1290 1436 1388 1476 atque
1405 1435 1492 1468 facta

177 1485 428 1527 quodammodo,
456 1497 520 1517 non
549 1486 694 1528 astricte,
722 1486 778 1518 sed
805 1487 970 1519 remissius
998 1498 1202 1519 numerosam
1230 1499 1299 1520 esse
1325 1486 1494 1530 oportere“

177 1537 238 1581 (ΠΙ
256 1537 343 1580 184).
372 1537 410 1570 In
429 1538 554 1580 reliqua
568 1542 674 1570 autem
691 1539 804 1578 λέξεως
820 1541 1034 1582 institutione,
1048 1541 1081 1572 in
1096 1552 1160 1583 qua
1174 1541 1296 1574 crimen
1310 1541 1391 1574 illud
1404 1541 1494 1584 inep-

175 1591 293 1623 tiarum
318 1592 529 1633 praecipienti
553 1593 659 1624 minus
684 1594 887 1635 imminebat,
917 1594 1146 1636 magistrorum
1170 1595 1296 1626 dicendi
1318 1597 1495 1638 praecepta
1525 1628 1528 1632 ,

178 1644 311 1676 Crassus
335 1645 451 1676 iterum
475 1648 572 1687 atque
596 1647 723 1688 saepius
747 1646 968 1690 aspernaffls‘)
989 1646 1133 1689 Sulpicio
1157 1649 1286 1691 roganti
1310 1648 1494 1690 explicavit,

178 1698 341 1740 quomodo
362 1699 395 1731 in
414 1710 448 1730 re
468 1699 593 1742 vulgari
614 1702 646 1732 et
664 1700 814 1732 omnibus
839 1703 916 1732 nota
937 1700 1148 1733 nihilominus
1167 1712 1226 1734 suo
1245 1702 1375 1734 nomine
1393 1701 1494 1745 digna

177 1754 261 1784 esset
280 1752 499 1793 expositurus:
525 1753 626 1795 „Tum
648 1753 794 1785 Crassus:
820 1754 1037 1797 ‘pervulgatas
1056 1766 1107 1786 res
1125 1755 1285 1797 requiris’,
1303 1755 1423 1797 inquit,
1446 1755 1494 1788 ‘et

177 1805 237 1837 tibi
256 1816 321 1837 non
342 1806 538 1848 incognitas,
563 1806 698 1848 Sulpici:
723 1807 795 1848 quis
815 1808 899 1839 enim
921 1807 959 1839 de
978 1809 1041 1840 isto
1061 1819 1178 1850 genere
1196 1819 1262 1840 non
1281 1808 1404 1851 docuit,
1423 1819 1492 1841 non

179 1859 334 1900 instituit,
359 1871 423 1891 non
448 1860 604 1902 scriptum
629 1860 726 1892 etiam
750 1860 904 1902 reliquit?
933 1860 995 1893 Sed
1019 1872 1127 1904 geram
1151 1872 1274 1894 morem
1293 1864 1326 1894 et
1344 1872 1382 1894 ea
1399 1861 1491 1894 dum-

178 1914 281 1954 taxat,
305 1924 386 1954 quae
406 1913 484 1945 mihi
505 1916 582 1945 nota
606 1916 694 1955 suut,
718 1914 858 1946 breviter
882 1925 1039 1956 exponam
1063 1915 1138 1957 tibi3
1161 1915 1296 1947 censebo
1319 1917 1425 1947 tamen
1449 1915 1491 1948 ad

178 1977 246 2006 eos,
273 1967 329 2007 qui
349 1970 486 1999 auctores
509 1970 536 1999 et
559 1968 730 2000 inventores
754 1970 829 2000 sunt
848 1967 961 1999 harum
981 1978 1056 2000 saue
1076 1968 1273 2000 minutarum
1291 1979 1398 2000 rerum
1419 1968 1492 2012 (sci-

268 2069 292 2102 1)
312 2067 353 2094 De
373 2068 560 2102 Theophrasti
579 2069 677 2095 ordine
696 2073 745 2095 τοῦ
764 2068 920 2101 πρέποντος
938 2069 1002 2096 vide
1021 2070 1107 2104 caput
1126 2069 1158 2096 V.

271 2110 297 2139 2)
317 2108 515 2135 Adnotandum
534 2112 577 2134 cst
596 2108 783 2143 Theophrasti
799 2109 995 2136 auctoritatem
1011 2109 1049 2135 ad
1068 2111 1202 2143 quattuor
1220 2109 1319 2136 laudes
1338 2110 1412 2137 solu
1426 2117 1493 2146 per-

177 2148 274 2174 tinere.
304 2148 346 2175 De
365 2148 483 2183 singulis
503 2149 661 2183 praeceptis
680 2149 733 2175 hac
754 2149 784 2175 in
804 2149 995 2183 disputatione
1015 2158 1069 2176 non
1085 2149 1255 2183 quaerimus,
1275 2150 1323 2177 sed
1344 2151 1491 2178 consentu-

176 2197 259 2214 neum
279 2190 322 2215 est
344 2191 455 2223 praeter
470 2188 681 2223 Theophrastea
702 2189 730 2215 in
750 2189 870 2224 singulis
889 2189 975 2216 etiam
994 2189 1151 2216 recentiora
1170 2190 1300 2216 adhibita
1317 2198 1386 2217 esse.
1413 2189 1492 2218 Infra

177 2228 327 2262 apparebit
341 2229 501 2255 Ciceronem
522 2229 550 2255 in
570 2229 660 2255 tribus
680 2229 812 2255 laudibus
832 2229 920 2256 multo
940 2230 1094 2256 breviorem
1114 2238 1184 2264 esse,
1199 2238 1284 2264 quam
1300 2230 1355 2257 suit
1369 2229 1491 2263 Eresius,

176 2269 205 2294 in
225 2271 325 2295 ornatu
344 2269 563 2303 locupletiorem.

266 2310 291 2342 3)
312 2308 356 2335 Or.
379 2312 428 2336 140
440 2318 499 2343 sqq.

265 2351 291 2375 45
311 2349 351 2375 De
370 2349 472 2383 quibus
492 2350 554 2375 vide
574 2349 614 2375 De
630 2349 674 2376 Or.
691 2349 727 2376 ΙΙΙ
744 2353 787 2382 54,
807 2349 843 2376 111
859 2353 900 2382 92,
920 2349 957 2376 ΙΙΙ
974 2353 1031 2376 103.
