1566 2592
480 129 521 155 De
540 128 727 163 Theophrasti
745 127 854 155 ratione
873 128 1016 155 virtutum.
1358 128 1401 159 ‚⁵25

186 210 294 253 Atque
316 211 394 243 haec
422 210 551 251 quidem
571 210 610 241 de
638 211 767 241 auctore
791 211 823 241 et
848 209 886 240 de
912 209 1015 241 titulo.
1046 209 1149 241 Venio
1178 220 1264 242 nunc
1287 210 1327 241 ad
1349 221 1402 241 res

95 276 268 307 earumque
295 264 447 296 ordinem.
480 262 680 304 Porphyrius
709 262 900 304 singillatim
930 262 1040 294 debuit
1064 273 1113 294 res
1142 274 1341 304 enumerare,
1364 266 1402 295 ut

94 319 315 360 πραγματείας
333 316 490 349 oratoriae
510 315 625 354 λέξεως
645 315 795 347 distincte
814 318 1023 357 percenseret,
1042 316 1151 348 eadem
1171 317 1303 356 ratione,
1329 327 1403 359 qua,

94 373 131 403 ut
149 372 278 403 afferam
297 371 486 411 exemplum,
501 369 626 401 Tullius
640 371 732 410 pater
746 369 779 400 in
794 368 1027 400 Partitionibus
1043 370 1191 401 oratoriis
1206 370 1274 401 filio
1291 370 1401 401 orbem

95 425 194 457 totius
213 424 291 456 artis
310 423 342 454 in
363 423 490 465 singula
513 422 661 454 dissolvit
680 422 793 463 capita.
821 421 914 453 Nihil
938 422 1039 464 igitur
1059 434 1075 454 8
1095 422 1274 464 Porphyrio
1294 423 1334 454 ad
1353 434 1401 454 ca-

93 477 163 519 pita
181 476 420 519 Theophra-stes.
439 477 509 517 ipsa
528 476 749 517 cognoscenda
768 475 938 507 lucramur.
967 475 1012 507 At
1031 476 1247 518 coniungendi
1267 478 1298 507 et
1318 486 1402 507 com-

92 529 224 572 parandi
243 529 327 561 inter
346 540 379 560 se
399 530 443 561 ita
463 531 538 561 sunt
558 525 668 560 Cicero
688 531 719 560 et
739 528 952 570 Porphyrius,
972 531 1008 560 ut
1028 529 1082 560 ille
1103 529 1348 570 dispositionem
1369 531 1402 560 et

92 583 235 624 capitum
253 582 426 624 rationem,
444 583 497 614 hic
516 582 638 623 aliquid
658 582 696 614 de
716 582 852 624 singulis
876 582 970 614 rebus
996 582 1187 624 suppeditet.
1215 582 1400 623 Theophra-

92 638 177 668 stum
197 636 296 678 igitur
314 637 451 677 primam
470 635 677 667 constituisse
697 635 848 667 virtutem
870 634 1069 676 ἑλληνισμόν
1083 646 1101 666 a
1116 634 1268 667 Cicerone
1287 636 1401 677 accipi—

91 700 172 722 mus.
200 689 263 721 Res
283 690 508 731 grammaticas
527 689 589 720 hoc
608 689 711 729 capite
735 689 867 720 tractari
891 689 1048 730 probatur
1072 700 1227 721 consensu
1246 688 1400 721 Auctoris

92 742 301 783 Herenniani,
321 741 498 783 Ciceronis,
518 742 716 780 Quintiliani.
745 741 944 783 Porphyrius
968 744 1074 773 autem
1099 743 1192 774 docet
1215 742 1400 784 Theophra-

91 798 176 828 stum
197 796 231 827 in
254 795 451 836 ἑλληνισμοῦ
475 797 566 837 parte
591 795 695 837 egisse
715 795 753 827 de
779 795 943 827 elementis
970 795 1160 838 dictionis¹),
1185 796 1222 827 de
1249 797 1399 838 syncopis

92 849 314 890 similibusque
337 849 508 880 verborum
533 849 775 890 mutationibus,
795 849 833 880 de
852 849 1018 880 nominum
1042 848 1255 891 generibusf')
1284 848 1336 880 Ad
1355 849 1399 881 al-

92 904 193 933 teram
212 903 392 943 σαφηνείας
411 902 537 933 laudem
556 902 696 944 pertinet
715 901 734 942 ἡ
755 904 853 943 κυρία
872 901 972 943 λέξις,
992 902 1031 933 ad
1052 904 1201 934 ornatum
1220 903 1239 944 ἡ
1259 915 1398 945 μεταφο-

92 956 176 996 ρική.
205 954 371 987 Postremo
391 966 467 987 vero
487 955 603 996 quodsi
622 955 822 996 Porphyrius
842 955 964 986 addidit
983 955 1036 987 καὶ
1057 955 1118 987 ὅσα
1137 956 1212 997 περὶ
1237 957 1335 988 ἰδεῶν
1355 960 1399 988 εἴ-

93 1017 201 1050 ρηται·
227 1009 260 1039 τί
277 1009 314 1040 τὸ
334 1007 436 1050 σαφὲς
455 1007 492 1040 ἐν
511 1014 582 1046 ταῖς
601 1008 738 1049 λέξεσιν,
764 1010 797 1040 τί
814 1009 851 1040 τὸ
872 1008 1126 1050 μεγαλοπρεπές,
1152 1011 1187 1041 τί
1203 1010 1239 1041 τὸ
1259 1009 1323 1050 ἡδὺ
1343 1009 1398 1042 καὶ

90 1061 247 1102 πιθανόν,
265 1062 300 1093 in
318 1061 473 1093 vocabulo
498 1063 597 1093 ἰδεῶν
620 1062 797 1102 haeremus,
817 1073 880 1103 quo
904 1062 1051 1093 videmur
1068 1062 1234 1103 prohiberi
1254 1074 1306 1095 eas
1325 1074 1397 1094 cum

90 1113 247 1155 laudibus,
266 1125 344 1155 quas
359 1113 470 1146 Cicero
489 1117 663 1156 enumerat,
684 1125 876 1156 comparare.
906 1115 957 1146 Ex
975 1115 1112 1147 historia
1126 1116 1211 1147 enim
1231 1116 1398 1158 virtutum,

90 1178 186 1208 quam
204 1166 278 1198 inde
293 1179 311 1199 a
326 1168 431 1209 capite
444 1167 493 1199 III
512 1168 731 1210 tractabimus,
750 1168 1018 1210 Theophrastum,
1038 1171 1074 1200 ut
1088 1168 1298 1202 Aristotelem
1315 1170 1398 1202 Stoi-

89 1230 143 1252 cos
166 1220 358 1262 Dionysium
382 1220 689 1262 Halicarnasensem,
717 1223 846 1253 nomine
876 1221 1003 1263 ἀρετῶν
1030 1234 1124 1254 usum
1154 1234 1221 1254 esse
1250 1223 1396 1255 elucebit.

30 1284 34 1288 ·
89 1272 202 1315 Neque
221 1274 355 1305 dubium
374 1276 431 1315 est,
451 1275 530 1315 quin
550 1275 674 1316 Cicero,
694 1286 765 1307 cum
786 1276 823 1306 de
843 1275 1057 1317 Theophrasti
1077 1277 1223 1309 laudibus
1242 1277 1397 1309 orationis

88 1326 221 1369 diceret,
240 1327 320 1359 illud
340 1326 493 1359 Graecum
518 1329 710 1360 vocabulum
734 1328 975 1371 transtulerit.³)
1004 1329 1117 1371 Itaque
1141 1330 1397 1362 Radermachero

89 1381 246 1412 assentior
270 1380 488 1421 Porphyrium
514 1393 553 1412 ex
580 1393 655 1413 suae
681 1382 794 1413 aetatis
821 1382 944 1414 artibus
971 1383 1140 1415 rhetoricis
1169 1384 1396 1425 depromptum
1444 1414 1451 1427 v.

88 1443 206 1464 nomen
226 1434 326 1465 ἰδεῶν
344 1445 403 1475 pro
422 1436 529 1466 vetere
548 1435 676 1466 nomine
700 1435 893 1467 adhibuisse.
920 1435 1029 1477 Atque
1048 1439 1084 1468 ut
1103 1437 1161 1468 hac
1183 1437 1216 1468 in
1235 1449 1269 1469 re
1288 1437 1395 1470 Tullio

88 1486 242 1517 maiorem
264 1486 360 1518 fidem
389 1486 507 1519 habere
536 1489 688 1529 cogimur,
716 1488 762 1519 ita
785 1488 882 1520 etiam
910 1489 1033 1530 reliqua
1051 1490 1224 1532 Porphyrii
1244 1491 1339 1523 verba
1359 1492 1397 1523 de

89 1538 169 1570 ideis
188 1538 426 1581 interpretanda
445 1543 519 1572 sunt
539 1552 578 1572 ex
599 1541 749 1573 laudibus
768 1552 786 1572 a
804 1541 912 1573 Tullio
932 1542 1045 1574 allatis.
1075 1543 1201 1576 Primae
1219 1544 1323 1575 laudis
1341 1555 1396 1576 110-

89 1603 162 1623 men
181 1591 378 1634 Porphyrius
398 1605 435 1625 80
455 1594 581 1626 facilius
600 1595 853 1636 praetermittere
872 1597 1008 1636 poterat,
1030 1607 1093 1637 quo
1118 1597 1212 1637 plura
1235 1599 1329 1629 antea
1348 1609 1396 1629 ca-

89 1692 268 1726 Kalbfleisch)
289 1701 423 1720 consensu
443 1694 611 1721 defenditur.
640 1695 769 1722 Ceterum
788 1705 843 1722 non
868 1697 1008 1723 sententia
1027 1697 1117 1723 solum
1142 1697 1301 1725 desiderare
1320 1699 1396 1725 vide-

86 1733 134 1759 tur
151 1733 214 1766 περὶ
233 1733 320 1760 αὐτόν
339 1733 496 1768 lectionem,
516 1735 564 1761 sed
580 1735 666 1762 etiam
680 1736 772 1762 verba.
802 1737 861 1763 Vox
879 1737 954 1763 enim
972 1736 1151 1772 γεγραφότες,
1166 1738 1190 1764 si
1205 1738 1275 1772 legis
1291 1738 1317 1765 οἱ
1332 1740 1396 1772 περὶ

89 1773 183 1805 αὐτόν,
202 1773 353 1800 claudicat.

178 1815 203 1847 1)
223 1813 299 1845 Quae
319 1814 526 1848 Theophrastus
547 1820 668 1849 στοιχεῖα
687 1814 782 1848 λέξεως
806 1817 973 1851 appellavit,
1002 1817 1051 1843 alii
1079 1818 1170 1851 aliter,
1198 1818 1261 1845 vide
1280 1818 1395 1853 Dionys.

89 1852 122 1880 H.
143 1853 178 1879 de
197 1861 286 1887 comp.
306 1854 380 1880 verb.
401 1863 424 1880 c.
440 1858 455 1880 2
475 1864 501 1889 p.
518 1855 573 1881 SR.

177 1894 203 1928 2)
222 1893 327 1920 Graece
347 1894 406 1928 εἴδη
427 1894 580 1928 ὀνομάτων.
610 1896 757 1930 Porphyrii
779 1897 874 1923 verba:
899 1896 990 1930 „vives
1009 1897 1039 1924 αἱ
1058 1897 1158 1931 ἁπλαῖ,
1182 1897 1255 1930 τίνες
1279 1899 1308 1925 αἱ
1333 1900 1395 1926 σύν-

88 1933 176 1967 θετοι,
199 1931 271 1964 τίνες
294 1933 323 1960 αἱ
348 1935 535 1961 ὑποσύνθετοι
553 1936 602 1961 καὶ
631 1934 682 1962 ὅσα
710 1940 843 1963 τοιαῦταᾸ*
865 1937 1034 1964 conferenda.
1062 1939 1127 1964 sunt
1155 1947 1219 1964 cum
1243 1939 1395 1966 Aristotele

89 1971 175 2006 (Poet.
192 1975 347 2008 1457231):
367 1973 532 2008 ,,Ὀνόματος
551 1976 581 2002 δὲ
602 1975 662 2010 εἴδη
682 1975 712 2003 τὸ
732 1977 782 2011 μὲν
802 1977 910 2003 ἁπλοῦν
930 1998 935 2004 .
948 1998 971 2004 ..
991 1978 1022 2004 τὸ
1046 1977 1077 2004 δὲ
1102 1980 1219 2005 διπλοῦν
1239 1980 1282 2013 (=
1294 1979 1394 2006 σύνθε-

87 2014 147 2045 τον)
228 2012 270 2047 εἴη
289 2012 316 2040 δ’
335 2013 370 2040 ἃν
394 2015 442 2040 καὶ
465 2017 599 2048 τριπλοῦν
622 2016 670 2042 καὶ
693 2019 864 2050 τετραπλοῦν
888 2017 976 2051 ὄνομα
1000 2018 1048 2044 καὶ
1072 2020 1248 2045 πολλαπλοῦν
1273 2020 1316 2053 (=
1327 2020 1395 2046 ὑπο-

89 2051 261 2085 σύνθετον)“.
289 2053 370 2080 Falso
391 2054 538 2088 Porphyrii
557 2055 647 2082 locum
668 2056 704 2082 ad
723 2057 858 2083 σύνθεσιν
879 2057 1032 2091 ὀνομάτων,
1053 2066 1126 2091 quae
1146 2058 1243 2093 ἐκλογῇ
1265 2059 1394 2092 opposita
1431 2053 1442 2063 ⁰

89 2091 133 2124 sit,
153 2091 282 2126 Mayerus
300 2093 410 2120 rettulit
429 2096 465 2129 (p.
483 2097 534 2129 16).

178 2133 204 2165 3)
224 2132 430 2160 Radermacher
459 2135 521 2167 (Rh.
542 2135 611 2161 Mus.
628 2138 756 2170 54,375):
790 2136 899 2169 ‚‚chn
924 2136 1018 2164 Cicero
1046 2138 1101 2171 (Or.
1119 2139 1161 2171 79)
1189 2139 1264 2173 sagt:
1297 2139 1395 2165 ‘unum

89 2170 187 2204 aberit,
207 2171 282 2205 quod
301 2173 430 2206 quartum
449 2175 578 2200 numerat
597 2175 805 2209 Theophrastus
825 2177 853 2202 in
873 2177 1008 2203 orationis
1028 2178 1170 2204 laudibus’
1188 2199 1194 2204 .
1210 2198 1216 2204 .
1233 2199 1253 2209 .,
1279 2187 1308 2204 so
1329 2179 1394 2204 sebe

87 2210 134 2237 ich
152 2211 231 2237 nicht
250 2211 304 2243 ein,
323 2220 380 2238 was
399 2213 499 2240 anders
517 2214 570 2240 mit
589 2214 642 2241 den
662 2215 760 2242 laudes
786 2217 926 2243 orationes
950 2217 1091 2243 iibersetzt
1115 2217 1174 2244 sein
1194 2218 1258 2250 soll,
1283 2218 1324 2244 als
1344 2218 1394 2244 das

87 2250 260 2285 griechische
280 2252 377 2284 ἀρεταὶ
395 2251 515 2284 λέξεως.“
545 2253 598 2280 Sed
618 2254 689 2281 falso
709 2257 792 2289 putat
810 2256 953 2290 Mayerus⁷
977 2259 1126 2290 utrumque
1151 2265 1251 2284 nomen
1275 2258 1391 2284 eandem
1424 2267 1425 2271 ¹

87 2289 219 2317 habuisse
239 2291 294 2317 vim
314 2293 349 2324 (p.
365 2291 434 2326 XV).
