1566 2592
206 132 248 164 78
795 130 888 166 Caput
905 130 951 158 VI.

440 212 479 245 ΙΙ.
499 211 622 255 Ἀρεταὶ
637 212 808 246 Ἐπίθετοι

531 276 558 307 1.
578 275 733 318 ἐνάργεια
752 275 792 307 ad
811 275 924 318 Pomp.
944 275 1019 318 239,
1031 275 1073 307 14
1083 275 1197 308 U—R.
1526 310 1529 313 K
1548 318 1550 323 ,

530 338 558 370 2.
579 337 599 379 ἡ
618 343 686 370 τῶν
705 338 803 379 ἠθῶν
821 350 855 371 τε
877 339 933 371 καὶ
954 341 1076 371 παθῶν
1099 339 1234 380 μίμησις
1257 337 1297 370 ad
1317 337 1429 380 Pomp.
1448 329 1544 376 2392

582 391 622 424 18
633 391 748 425 U—R.

529 454 559 487 3.
579 454 616 486 ac
637 454 674 487 τὸ
698 454 781 497 μέγα
805 454 859 487 καὶ
883 455 1080 497 θαυμαστὸν
1103 454 1322 496 ἐκφαίνουσαι
1345 459 1404 496 τῆς
1426 466 1524 488 κατοι-

579 513 698 550 σκευῆς
717 508 834 550 ἀρεταί
851 508 913 551 (sic
927 519 976 550 ep.
991 509 1040 540 ad.
1055 508 1167 551 Pomp.
1183 508 1261 550 240,
1274 507 1324 551 1);
1343 507 1408 541 huc
1425 507 1526 550 perti·

579 564 634 594 net
653 572 692 593 ex
711 561 854 604 Thucyd.
873 574 903 604 p.
919 561 998 601 360,
1010 562 1044 594 8:
1066 562 1153 600 ὕψος
1175 562 1230 594 καὶ
1253 562 1524 605 καλλιρημοσύνη

575 615 630 647 καὶ
650 618 851 657 σεμνολογία
869 614 925 648 καὶ
943 615 1215 657 μεγαλοπρέπεια.

530 677 559 708 4.
580 678 617 709 αἱ
637 678 698 719 τὴν
722 679 820 720 ἰσχὺν
844 677 897 710 καὶ
922 679 983 711 τὸν
1005 679 1106 710 τόνον
1129 677 1183 710 καὶ
1206 678 1265 716 τὰς
1283 677 1525 720 ὁμοιοτρόπους
1559 670 1566 693 ³

579 732 739 773 δυνάμεις
756 737 814 773 τῆς
833 732 986 774 φράσεως
1000 731 1114 773 ἀρεταὶ
1128 731 1340 774 περιέχουσαι
1354 731 1393 764 nd
1409 730 1523 774 Pomp.
1564 741 1566 747 ¹

579 784 699 826 240‚3,
723 784 762 816 cf.
783 785 821 816 de
840 785 983 827 Thucyd.
1005 784 1124 828 360,9:
1147 786 1245 823 τόνος
1267 785 1322 818 καὶ
1346 785 1449 828 βάρος
1466 785 1529 820 καὶ,
1563 793 1566 798 ·

577 838 698 878 πάθος,
717 839 754 871 τὸ
775 838 966 881 ἐρρωμένον
985 839 1040 871 καὶ
1063 838 1248 880 ἐναγώνιον
1265 843 1406 881 πνεῦμα,
1425 838 1459 879 ἐξ
1472 835 1523 872 ὧν

577 891 597 933 ἡ
617 892 804 934 καλουμένη
824 894 952 933 γίνεται
971 893 1132 934 δεινότης.

528 953 557 986 5.
577 954 682 996 ἡδονὴ
702 953 757 986 καὶ
776 955 884 987 πειθὼ
904 955 959 986 καὶ
978 954 1092 997 τέρψις
1109 955 1165 987 καὶ
1179 955 1216 987 αἰ
1228 954 1434 997 ὁμοιογενεῖς
1447 954 1524 998 ἀρε-

579 1010 636 1040 ταί
653 1008 707 1050 (ad
723 1008 835 1050 Pomp.
847 1008 922 1049 240,
932 1008 967 1051 6)
982 1009 1022 1040 cf.
1037 1008 1076 1040 de
1091 1008 1235 1050 Thucyd.
1250 1008 1326 1049 360,
1337 1008 1393 1042 15:
1411 1009 1523 1042 πειθὼ
1556 1027 1558 1030 v

579 1061 634 1094 καὶ
653 1062 783 1103 χάριτες
801 1061 856 1094 καὶ
875 1062 990 1103 ἡδονή.

420 1123 477 1156 ΙΠ.
498 1126 625 1156 Πασῶν
644 1123 681 1156 ἐν
701 1125 812 1166 λόγοις
831 1124 958 1166 ἀρετῶν
978 1125 996 1167 ἡ
1015 1125 1201 1166 κυριωτάτη
1220 1125 1257 1157 τὸ
1278 1124 1415 1166 πρέπον.

294 1231 340 1264 Ut
359 1231 399 1263 ab
419 1234 562 1264 extrema
582 1232 703 1264 virtute
727 1232 894 1274 incipiam:
917 1232 1076 1274 πρέποντι
1099 1233 1268 1275 proprium
1282 1221 1388 1275 ’caput
1411 1243 1523 1266 conce-
1564 1227 1566 1230 ’

204 1285 345 1317 dandum
361 1287 418 1327 est,
437 1286 565 1318 etiamsi
579 1287 654 1327 post
669 1285 844 1324 ἐπιθέτους
863 1286 1004 1318 affertur.
1029 1285 1074 1318 ‘H
1084 1286 1270 1328 κυριωτάτη
1283 1291 1399 1319 πασῶν
1414 1284 1451 1318 ἐν
1465 1287 1521 1319 λό-

203 1351 276 1380 γοις
295 1338 422 1379 ἀρετῶν
441 1338 495 1382 (cf.
511 1339 548 1371 de
563 1339 636 1381 Lys.
656 1350 680 1371 c.
697 1339 717 1371 9
738 1340 816 1382 init,
836 1339 969 1378 Quintil.
987 1339 1031 1372 XI
1048 1340 1076 1381 1,
1093 1339 1136 1383 1),
1154 1351 1219 1372 non
1238 1341 1348 1382 potest
1362 1339 1395 1371 in
1415 1349 1520 1372 acces-

204 1393 298 1425 soriis
317 1392 437 1424 haberi.
467 1392 588 1425 Verum
608 1393 672 1425 iam
692 1393 874 1435 suspicatus
898 1395 947 1425 est
965 1393 1118 1426 Roberts:
1141 1393 1302 1436 „Perhaps
1325 1393 1392 1425 this
1413 1393 1521 1425 virtue

204 1446 322 1478 should
345 1447 385 1478 be
408 1447 520 1488 placed
545 1447 579 1479 in
602 1458 621 1478 a
645 1448 726 1479 class
750 1447 788 1479 of
808 1448 850 1480 its
874 1448 966 1480 own“
989 1447 1033 1490 (p.
1059 1447 1150 1491 172),
1182 1447 1276 1490 eique
1299 1457 1447 1480 assensus
1469 1448 1520 1479 eet

178 1523 181 1527 .
204 1499 444 1542 Geigenmiiller
463 1499 508 1543 (p.
525 1499 592 1544 68).
622 1500 692 1539 Quo
712 1501 841 1533 sublato
861 1502 974 1534 seriem
994 1502 1166 1543 virtutum,
1189 1512 1270 1543 quae
1295 1500 1444 1534 ἐπύθετοι
1465 1511 1520 1543 ap-

203 1554 379 1595 pellantur,
398 1554 608 1596 perlustranti
628 1555 777 1596 occurrit,
796 1554 874 1596 quid
892 1566 976 1587 nova
995 1555 1111 1587 divisio
1131 1555 1193 1587 sibi
1212 1555 1299 1587 velit.
1327 1553 1409 1587 Cum
1428 1564 1520 1586 orna-

202 1610 256 1639 tus
274 1618 340 1639 una
357 1607 460 1639 virtus
478 1608 512 1639 in
532 1608 650 1640 multas
674 1609 810 1640 virtutes
834 1609 996 1650 discerpta
1018 1608 1074 1650 sit,
1100 1609 1238 1651 simplex
1261 1608 1341 1641 ordo
1365 1609 1522 1650 quattuor

205 1663 262 1693 aut
288 1661 430 1703 quinque
456 1662 613 1693 virtutum
640 1673 774 1703 prorsus
800 1661 927 1694 dirutus
952 1664 1010 1694 est.
1047 1661 1141 1695 Nova
1166 1663 1230 1695 iam
1257 1662 1381 1695 ratione
1406 1671 1520 1694 onmes

203 1717 327 1756 partes,
351 1725 432 1756 quae
452 1717 546 1747 antea
565 1718 698 1747 ornatus
723 1717 828 1754 erant,
854 1716 913 1748 sub
938 1727 1038 1748 unum
1062 1727 1180 1748 nomen
1204 1715 1369 1748 ἐπιθέτων
1391 1713 1522 1757 ἀρετῶν
1564 1748 1566 1750 .

203 1768 448 1811 colligebantur.
476 1767 599 1811 Ἀρεταὶ
624 1769 725 1812 igitur
750 1769 900 1802 ἐπίθετοι
923 1769 1059 1802 eundem
1083 1770 1194 1802 orbem
1218 1768 1410 1802 elocutionis
1432 1778 1518 1800 com-

202 1875 288 1916 apud
307 1874 450 1906 Tullium
474 1877 507 1906 et
529 1874 664 1908 Fabium
686 1876 851 1908 ‘ornatus'.
880 1876 1003 1908 Deinde
1026 1876 1104 1908 haee
1124 1879 1190 1909 tam
1210 1875 1313 1908 multa
1331 1886 1449 1919 genera
1467 1885 1519 1907 or·
1563 1898 1566 1902 -

146 1830 152 1836 ·
202 1822 403 1864 plectuntur,
426 1832 521 1863 quem
546 1822 631 1863 apud
651 1821 910 1864 Theophrastum
934 1825 967 1854 et
986 1822 1112 1855 Stoicos
1133 1823 1316 1863 κατασκευή
1339 1820 1519 1862 obtinebat,
1563 1826 1566 1834 ¹

1561 1864 1566 1888 1

202 1930 297 1960 natus
317 1930 525 1970 opponuntur
544 1929 732 1961 necessariis
751 1929 936 1971 virtutibus,
956 1941 1037 1972 quae
1057 1930 1090 1961 in
1109 1930 1197 1962 omni
1218 1930 1362 1962 oratione
1381 1939 1451 1962 esse
1464 1927 1517 1961 de-
1560 1923 1566 1950 ἶ

202 1981 293 2022 bent,
322 1992 394 2013 cum
421 1992 459 2013 ex
486 1993 619 2014 numero
646 1981 812 2015 ἐπιθέτων
838 1983 872 2015 in
898 1982 961 2015 alia
984 1984 1129 2015 oratione
1152 1983 1234 2015 aliae
1256 1982 1298 2015 ad
1319 1981 1518 2015 necessarias
1553 1956 1566 2051 ἱ

202 2034 363 2067 accedant.
401 2034 486 2066 Nam
518 2046 555 2066 ex
586 2036 657 2077 ipsa
686 2037 871 2078 partitionis
901 2037 1024 2069 ratione
1054 2036 1254 2080 intellegitur
1284 2039 1353 2068 tum
1386 2035 1516 2068 demum
1560 2052 1563 2053 ⁷

203 2088 339 2120 virtutes
363 2088 396 2120 in
419 2089 616 2121 necessarias
641 2092 673 2122 et
696 2092 876 2132 assumptas
901 2090 1019 2122 divisas
1043 2101 1125 2131 esse,
1151 2101 1224 2122 cum
1248 2101 1286 2122 ex
1309 2101 1374 2122 una
1395 2089 1518 2122 virtute
1550 2123 1558 2134 ,Δ

202 2147 404 2184 κατασκευῆς
423 2141 596 2175 multitudo
618 2143 674 2175 illa
698 2146 769 2176 orta
792 2146 868 2176 erat.
897 2143 934 2175 In
959 2143 1087 2176 iudiciis
1110 2144 1149 2176 de
1173 2144 1307 2177 diversis
1331 2141 1515 2175 oratoribus

202 2195 342 2227 ferendis
361 2197 466 2227 totum
486 2207 588 2239 genus
614 2197 863 2229 necessarimm
883 2197 1040 2229 virtutum
1061 2198 1094 2229 in
1113 2198 1200 2230 omni
1220 2197 1402 2229 elocutione
1421 2194 1517 2228 laude

203 2248 301 2291 digna
324 2249 531 2281 inveniebant
553 2250 671 2292 critici,
701 2250 834 2283 alterius
858 2251 984 2293 generis
1008 2250 1090 2283 aliae
1109 2251 1149 2282 ab
1173 2250 1237 2283 alio
1259 2252 1384 2282 oratore
1407 2250 1516 2292 partae
1556 2259 1557 2262 ’

201 2302 456 2334 assumebantur.
486 2302 515 2334 A
534 2302 749 2345 Theophrasti
770 2304 892 2336 sincera
916 2307 948 2336 et
971 2304 1110 2346 simplici
1134 2305 1259 2336 ratione
1280 2305 1432 2346 quattuor
1451 2301 1523 2334 vir?

1558 2189 1566 2238 i

1560 2239 1566 2264 ε

1558 2266 1566 2316 i

1559 2317 1566 2356 ἲ

1558 2359 1566 2397 ³.

1562 2442 1566 2483 i
