1566 2592
199 135 244 167 92
769 137 861 173 Caput
878 138 937 166 V11.

198 217 369 259 liquerant,
389 218 587 261 coHigendiS,
606 219 798 262 digerendis,
819 220 1017 262 explicandis
1034 221 1244 254 versabantur
1257 222 1419 264 iidemque
1431 221 1516 266 γένη

197 273 231 303 et
250 272 322 312 εἴδη
342 272 522 308 litterarum
544 272 801 315 distinguebant,
822 276 859 306 ut
877 276 1024 306 auctores
1044 274 1077 306 in
1097 275 1225 308 ordines
1245 275 1388 308 diversos
1406 276 1515 309 distri-
1548 278 1550 281 ’

197 324 295 356 buere
314 327 455 367 possent.
484 325 597 368 Itaque
621 326 655 358 in
681 327 912 368 partitionibus
931 328 1009 360 artis
1032 329 1261 371 grammaticae
1284 331 1410 371 praeter
1433 329 1513 362 ἀνα·
1547 342 1551 343 ’

196 380 396 420 γνωστικόν,
423 378 630 421 ἐξηγητικόν,
660 380 884 421 διορθωτικόν
912 381 1009 413 etiam
1033 383 1182 424 κριτικόν
1209 381 1309 424 μέρος
1332 382 1512 416 enumerari

196 432 292 474 solet,
316 443 380 474 qua
399 431 437 464 de
456 444 490 464 re
510 444 549 465 ne
567 433 685 475 longus
705 434 779 475 sim,
802 433 938 466 Useneri
958 435 1211 476 disputationem
1230 436 1338 478 adeas,
1362 447 1444 478 quae
1465 437 1512 470 in-
1563 454 1566 475 ς

195 485 360 518 scribitur:
387 485 471 528 „Ein
490 486 570 518 altes
584 487 814 530 Lehrgebiiude
834 487 889 520 der
904 487 1114 531 Philologie“,
1133 489 1214 520 actis
1232 488 1424 522 Academiae
1443 489 1514 522 Mo-

195 539 340 571 nacensis
366 538 483 582 (1892,
502 552 532 582 p.
548 540 703 583 582sqq.)
730 542 893 573 insertam.
931 541 1016 579 Quin
1042 542 1137 574 etiam
1166 542 1244 574 adeo
1271 543 1400 575 criticae
1424 543 1511 585 parti

195 593 398 635 grammatici
418 594 578 635 favebant,
597 596 634 626 ut
653 594 830 636 Dionysius
846 595 953 627 Thrax
973 595 1094 627 diceret
1111 595 1288 628 κάλλιστον
1311 601 1410 630 τοῦτο
1425 596 1511 630 εἶναι

194 646 330 679 πάντων
355 653 422 679 τῶν
453 646 490 679 ἐν
519 653 558 690 τῇ
588 647 702 690 τέχνῃ,
728 648 783 680 alii
810 651 915 681 autem
944 649 1072 681 criticos
1099 660 1132 682 se
1155 650 1312 692 appellari
1334 651 1455 683 vellent
1477 652 1511 684 et

194 700 438 742 grammaticam
462 701 591 733 criticae
615 702 700 743 parti
725 702 964 745 subiungerent.
998 702 1046 734 De
1071 702 1198 735 Cratete
1221 703 1351 745 quidem
1374 703 1512 737 Mallote.

196 752 312 786 Sextus
336 754 520 796 Empiricus
547 753 632 797 (adv.
646 754 787 798 Math.1,
804 755 859 798 79)
882 756 1056 788 memoriae
1079 756 1192 788 tradit:
1219 756 1273 789 καὶ
1297 757 1360 799 γὰρ
1385 756 1510 796 ἐκεῖνος

192 805 284 848 ἔλεγε
311 808 485 849 διαφέρειν
508 810 568 841 τὸν
592 810 740 850 κριτικὸν
764 814 823 841 τοῦ
848 814 1092 851 γραμματικοῦ,
1115 809 1169 842 καὶ
1193 810 1253 842 τὸν
1275 808 1337 852 μὲν
1359 811 1511 853 κριτικὸν

191 862 308 902 πάσης,
328 863 422 903 φησί,
443 863 493 894 δεῖ
513 864 647 904 λογικῆς
662 863 839 905 ἐπιστήμης
853 861 1011 905 ἔμπειρον
1030 861 1126 904 εἶναι,
1146 864 1206 896 τὸν
1225 863 1262 896 δὲ
1280 865 1509 906 γραμματικὸν

192 914 303 952 ἁπλῶς
330 919 492 956 γλωσσῶν
520 915 713 958 ἐξηγητικόν
740 919 807 948 κτλ.
849 915 888 948 In
916 916 1123 949 aestimandis
1155 919 1263 949 autem
1295 917 1511 960 scriptoribus

144 967 157 1010 J
191 968 294 1000 critici
315 980 372 1001 sua
392 972 506 1011 sponte
526 969 658 1012 impulsi
679 972 763 1012 sunt,
782 973 819 1002 ut
834 981 950 1013 genera
969 972 1010 1012 et,
1030 973 1066 1002 ut
1082 970 1195 1002 Graeci
1210 970 1329 1012 dicunt,
1347 976 1508 1014 χαρακτῆ-

191 1034 251 1063 ρας
270 1022 448 1054 definirent.
477 1022 515 1055 Id
534 1025 620 1055 certe
634 1024 821 1056 testimonio
842 1024 998 1066 probatur
1011 1023 1166 1063 Taurisci,
1186 1023 1332 1056 Cratetos
1347 1023 1509 1067 discipuli,

191 1075 282 1108 cuius
307 1076 405 1107 verba
432 1078 600 1109 servantur
626 1088 643 1108 a
668 1076 766 1109 Sexto
791 1077 956 1119 Empirico
982 1077 1051 1109 adv.
1066 1077 1166 1109 Math.
1181 1077 1205 1118 I,
1220 1077 1298 1110 248:
1323 1079 1509 1120 Ταυρίσκος

189 1134 275 1170 γοῦν
302 1129 319 1162 ὁ
344 1130 517 1171 Κράτητος
542 1130 719 1172 ἄκουστής,
746 1131 856 1172 ὥσπερ
883 1131 914 1163 οἱ
939 1132 1034 1163 ἄλλοι
1060 1132 1215 1172 κριτικοί,
1240 1131 1441 1164 ὑποτάσσων
1465 1135 1506 1174 τῇ

187 1188 317 1225 κριτικῇ
337 1184 398 1225 τὴν
417 1185 654 1226 γραμματικήν,
675 1183 757 1226 φησὶ
776 1190 833 1226 τῆς
851 1189 998 1227 κριτικῆς
1017 1181 1103 1217 εἶναι
1122 1185 1159 1217 τὸ
1178 1184 1240 1226 μέν
1256 1197 1288 1216 τι
1303 1185 1448 1227 λογικὸν,
1467 1186 1505 1218 τὸ

189 1234 226 1268 δὲ
241 1238 402 1278 τριβικόν,
422 1238 459 1269 τὸ
475 1235 503 1269 δ’
525 1238 701 1279 ἱστορικόν.
731 1239 867 1280 λογικὸν
881 1238 942 1280 μὲν
956 1239 993 1270 τὸ
1009 1239 1235 1280 στρεφόμενον
1249 1237 1325 1280 περὶ
1339 1239 1401 1280 τὴν
1415 1238 1505 1278 λέξιν

187 1289 242 1322 καὶ
261 1291 341 1328 τοὺς
360 1293 607 1333 γραμματικοὺς
625 1293 782 1333 τρόπους,
800 1292 951 1334 τριβικὸν
970 1290 1007 1324 δὲ
1026 1293 1063 1324 τὸ
1082 1291 1158 1334 περὶ
1173 1292 1230 1330 τὰς
1244 1291 1435 1330 διαλέκτους
1449 1292 1505 1324 καὶ

185 1344 244 1381 τὰς
264 1344 427 1385 διαφορὰς
446 1350 513 1376 τῶν
531 1345 732 1386 πλασμάτων
750 1345 805 1378 καὶ
825 1347 1040 1387 χαρακτήρων
1053 1348 1120 1378 κτλ.
1150 1344 1353 1377 Vocabulum
1367 1346 1504 1388 πλάσμα

187 1396 360 1430 Tauriscus
384 1399 522 1440 primus,
547 1410 642 1441 quem
668 1400 800 1441 scimus,
824 1399 862 1431 de
886 1399 1059 1442 generibus
1078 1399 1204 1431 dicendi
1223 1399 1381 1432 adhibuit.
1410 1398 1504 1438 Quod

185 1453 222 1483 ut
247 1452 294 1483 ita
313 1451 574 1495 interpretemur,
602 1452 711 1485 Procli
737 1464 797 1485 usu
823 1453 965 1485 eiusdem
992 1453 1079 1485 vocis
1105 1463 1359 1495 commovemur,
1386 1453 1443 1494 qui
1468 1452 1503 1486 in

186 1504 440 1538 chrestomathia
458 1505 559 1549 (apud
573 1506 728 1538 Photium
745 1507 811 1538 cod.
828 1506 909 1549 239)
928 1506 1091 1548 exposuit:
1115 1506 1165 1539 ὅτι
1184 1510 1244 1539 τοῦ
1262 1506 1454 1548 πλάσματος
1465 1506 1504 1539 τὸ

185 1558 247 1600 μέν
267 1558 357 1591 ἐστιν
377 1560 508 1602 ἰσχνόν,
534 1560 571 1592 τὸ
592 1560 628 1592 δὲ
648 1560 768 1602 ἁδρόν,
794 1561 831 1592 τὸ
851 1560 889 1593 δὲ
907 1559 1052 1602 μέσον.1)
1085 1559 1230 1592 Taurisci
1249 1559 1350 1603 igitur
1368 1571 1408 1592 ex
1427 1560 1503 1592 defi·

183 1612 308 1644 uitione
328 1624 523 1654 quamquam
544 1613 581 1646 de
601 1624 734 1646 numero
755 1624 909 1656 generum
929 1616 961 1646 et
979 1613 1164 1655 appellandi
1183 1613 1308 1646 ratione
1326 1613 1410 1646 nihil
1428 1623 1501 1646 con-

183 1665 269 1698 cludi
289 1668 407 1709 potest,
427 1667 489 1699 hoc
508 1669 617 1699 tamen
637 1667 836 1710 intellegitur
855 1667 1028 1709 πλάσματα
1047 1668 1099 1700 vel
1117 1671 1324 1710 χαρακτῆρας
1342 1678 1361 1699 a
1379 1667 1501 1700 criticis

183 1718 328 1751 Taurisci
349 1720 548 1762 temporibus
567 1723 721 1753 tractatos
742 1719 856 1763 esse²);
883 1721 986 1753 critici
1005 1723 1114 1753 autem
1134 1721 1200 1752 sive
1219 1723 1322 1752 artem
1340 1731 1500 1763 gramma-

274 1836 299 1870 1>
318 1834 450 1862 Collectis
467 1835 584 1869 reliquis
603 1835 672 1862 locis
692 1835 864 1869 (addendum
884 1837 927 1862 est
946 1835 1032 1862 schol.
1052 1835 1082 1862 in
1102 1835 1215 1869 Dionys.
1230 1834 1330 1862 Thrac.
1347 1844 1375 1870 p.
1390 1838 1498 1868 “aas

182 1874 270 1910 Hilg.)
294 1875 368 1902 hunc
392 1884 473 1902 usum
499 1876 573 1902 vocis
597 1875 709 1910 πλάσμα
734 1877 809 1903 recte
833 1875 986 1910 explicavit
1009 1875 1136 1902 Schmid:
1165 1875 1234 1902 Mus.
1256 1875 1307 1901 Rh.
1325 1878 1373 1909 49,
1389 1878 1437 1902 134
1446 1885 1498 1910 sq.‚

181 1924 294 1949 prorsus
315 1917 409 1942 autem
429 1916 516 1942 falsus
536 1917 579 1942 est
599 1916 752 1943 Steinthal:
773 1916 872 1943 Gesch.
889 1916 914 1943 d.
931 1915 1234 1950 Sprachwissenschaft
1246 1915 1273 1942 11
1281 1915 1298 1948 ²,
1320 1918 1379 1942 184.

271 1958 296 1989 2)
316 1955 422 1982 Usener
437 1956 464 1990 (l.
481 1956 498 1983 1.
514 1965 540 1990 p.
553 1957 627 1990 607):
648 1956 722 1990 „Das
738 1956 931 1991 Endergebnis
946 1956 1016 1983 aller
1030 1955 1083 1982 auf
1094 1955 1140 1982 die
1154 1955 1259 1982 Werke
1274 1956 1351 1983 eines
1366 1955 1497 1984 Dichters

180 1995 248 2022 oder
262 1995 479 2023 Schriftstellers
498 1997 693 2023 verwendeten
708 1996 802 2023 Kritik
819 1997 858 2023 ist
873 1996 918 2023 die
933 1995 1124 2030 Feststellung
1138 1995 1188 2022 der
1202 1995 1496 2023 schriftstellerischen

178 2035 411 2070 Personlichkeit,
432 2037 480 2063 des
499 2037 650 2072 χαρακτήρ.
753 2037 788 2063 So
808 2036 903 2064 stellte
922 2045 988 2063 man
1007 2036 1125 2071 gewisse
1140 2035 1309 2070 allgemeine
1324 2035 1422 2070 'rypen
1437 2035 1495 2070 tuf,

178 2077 261 2102 unter
279 2075 385 2103 welche
405 2077 450 2103 die
471 2077 595 2104 einzelne
615 2077 888 2104 schriststellerische
903 2075 1127 2103 Persunliehkeit
1145 2076 1364 2110 untergeordnet
1382 2076 1494 2103 werden

177 2115 311 2143 konnte.⁴‘
340 2116 395 2143 Sed
414 2117 553 2144 Usenerus
572 2117 655 2144 Rabii
676 2117 846 2144 sententiam
866 2119 978 2144 secutus
993 2125 1027 2143 ex
1042 2116 1293 2150 Peripateticorum
1309 2116 1418 2143 artibus
1431 2116 1495 2144 rhe-

177 2156 274 2183 toricis
298 2165 402 2191 genera
425 2158 508 2191 putat
533 2165 549 2183 a
569 2157 674 2184 criticis
696 2158 863 2191 deprompta
886 2165 958 2183 esse:
984 2156 1095 2190 „sofern
1114 2165 1143 2182 es
1163 2156 1223 2183 sich
1240 2165 1287 2182 um
1307 2156 1425 2183 Formen
1444 2155 1495 2184 det

178 2197 255 2223 Rede
274 2196 417 2230 handelte,
437 2206 496 2224 war
514 2197 704 2231 Theophrasts
724 2197 811 2224 Werk
830 2197 894 2230 περὶ
913 2197 1009 2229 λέξεως
1028 2196 1073 2222 die
1093 2195 1310 2230 Hauptqueuef·
1339 2195 1419 2228 Quod
1438 2195 1494 2223 fnl-

177 2246 239 2263 sum
259 2245 331 2268 esse,
356 2238 380 2264 si
399 2237 468 2263 mihi
488 2238 622 2272 contigit,
646 2239 678 2264 ut
696 2237 857 2272 probarem,
882 2245 927 2270 ea,
952 2245 1025 2271 quae
1044 2235 1184 2262 Usenerus
1204 2236 1238 2262 de
1257 2244 1391 2270 generum
1415 2235 1492 2270 apud

177 2277 289 2304 criticos
315 2286 368 2304 usu
394 2277 503 2311 docuit,
532 2286 594 2304 cum
621 2279 717 2304 nostra
743 2277 936 2311 disputatione
963 2276 1150 2303 consentiunt.
1180 2275 1294 2303 Scilicet
1312 2275 1492 2311 grammatici

176 2325 293 2352 genera,
317 2326 390 2351 qnae
409 2317 619 2352 Theophrastus
643 2326 698 2344 non
723 2317 836 2350 habuit,
861 2317 889 2343 in
914 2316 1060 2344 censendis
1085 2316 1268 2350 scriptoribus
1292 2316 1490 2348 distinxerunt,
