1566 2592
12 52 19 79 ”⁸
13 0 36 31 ἢ

368 133 407 160 De
426 133 561 160 virtutum
581 133 692 160 dicendi
712 133 787 167 apud
807 133 947 160 Romanos
966 134 1082 161 ratione.
1335 135 1375 166 61

70 215 140 248 sola
158 216 198 248 iis
217 226 290 248 vera
308 213 505 257 videretur.¹)
541 213 654 256 Itaque
674 214 932 256 Theophrastum
952 215 1041 247 nullo
1061 215 1133 247 loco
1152 215 1215 247 nisi
1234 218 1308 258 post
1327 227 1378 248 or-

70 271 182 309 natum
211 268 250 300 de
276 268 338 300 hac
365 268 483 299 virtute
511 268 655 309 potuisse
684 267 787 299 dicere
815 268 1021 300 contendunt.
1058 267 1202 300 Oratoris
1231 272 1376 310 apertum

68 322 288 354 testimonium
307 323 363 353 aut
382 320 646 363 interpretatione
666 323 722 352 aut
741 321 924 352 coniectura
945 321 1113 353 obscurare
1133 322 1262 353 student
1281 322 1376 354 obliti

69 386 138 407 eam
157 374 339 416 πρέποντος
358 374 503 415 formam,
522 385 617 415 quam
637 384 696 405 nos
711 374 901 415 invenimus,
921 374 995 406 inde
1010 387 1027 405 a
1042 373 1257 415 Theophrasti
1272 377 1377 407 aetate

69 430 223 460 mutatam
242 438 317 460 esse.

156 480 348 512 Aristoteles
368 480 496 521 quidem
517 480 665 512 decorum
686 482 808 522 partem
828 480 905 512 fecit
926 481 1019 512 unius
1035 492 1110 511 suae
1125 481 1255 512 virtutis
1271 490 1375 523 σαφη-

66 535 170 574 νείας,
194 533 246 565 oui
270 535 366 566 etiam
391 536 537 565 ornatum
563 533 688 565 dicendi
712 533 886 565 subiunxit.
922 533 984 575 Ea,
1009 545 1104 575 quam
1128 545 1187 566 nos
1212 534 1375 575 habemus,

65 587 167 619 libelli
186 586 234 618 III
254 587 357 618 forma
376 587 436 618 etsi
456 597 521 618 non
545 589 631 618 caret
655 587 779 626 ordine,
802 589 909 618 tamen
933 589 1114 618 accuratam
1139 598 1245 619 rerum
1270 587 1374 619 distri-

65 640 230 672 butionem
250 651 314 671 non
333 640 472 681 praebet.
504 639 643 681 Πρέπον
661 640 693 671 in
714 640 818 672 media
837 640 875 672 de
895 643 1009 672 ornatu
1028 640 1246 682 disputatione
1266 642 1373 673 locum

63 696 210 735 occupat.
245 693 422 734 Postquam
448 693 487 724 de
518 693 713 734 metaphoris
746 693 828 724 dixit
855 695 887 724 et
917 693 1116 735 ἑλληνισμόν
1144 696 1239 735 atque
1272 695 1374 735 ὄγκον

68 746 182 788 λέξξως
202 747 363 788 exposuit,
386 746 426 777 ad
445 745 571 787 πρέπον
591 746 714 778 transit.
751 745 937 788 Sequuntur
956 749 1063 778 autern
1083 747 1188 788 capita
1207 747 1245 779 de
1264 758 1373 778 nume-

63 811 138 832 rosa
164 801 309 832 oratione
335 802 366 831 et
392 800 429 831 de
455 799 598 841 probatis
623 800 832 839 ornamentis,
861 811 941 841 quae
965 801 1005 831 ad
1029 803 1177 832 ornatum
1200 801 1372 842 pertinent.

65 853 202 894 Πρέπον
222 854 321 895 igitur
339 853 379 884 ab
399 855 515 884 ornatu
534 853 676 884 nondum
697 855 879 894 separatum
899 855 957 894 est,
975 855 1009 885 in
1029 854 1091 885 fine
1113 856 1220 885 tamen
1241 856 1372 886 ornatus

64 917 103 938 ne
122 906 207 948 apud
225 906 432 938 Aristotelem
457 906 584 947 quidem
609 907 748 947 ponitur.
777 905 855 938 Post
878 905 1085 938 Aristotelem
1110 907 1198 945 λέξιν
1221 909 1372 939 tractavit

64 960 317 1001 Theophrastus,
341 970 434 1001 quem
459 959 649 1000 quaerimus.
679 958 801 990 Deinde
821 958 931 991 Stoici.
960 960 1080 992 Eorum
1104 960 1246 992 ordinem
1267 960 1370 992 Laert.

64 1012 158 1055 Diog.
175 1012 260 1055 (VII,
271 1012 328 1055 59)
343 1014 450 1054 aperte
466 1012 629 1044 describit:
645 1012 756 1052 ἀρεταὶ
772 1011 807 1044 ὁὲ
824 1014 925 1053 λόγου
940 1012 1004 1045 εἰσὶ
1019 1013 1127 1045 πέντε“
1144 1013 1371 1055 Ἑλληνισμός,

61 1067 237 1107 σαφήνεια,
256 1067 427 1107 συντομία,
446 1065 584 1106 πρέπον,
603 1067 796 1107 κατασκευή.
824 1066 971 1098 Eundem
987 1067 1129 1098 ordinem
1149 1069 1296 1099 accurate
1316 1067 1371 1098 ob-

62 1121 168 1150 servat
182 1119 328 1150 Laertius
348 1119 382 1150 in
397 1118 638 1150 definitionibus
653 1119 884 1151 enumerationi
901 1120 1026 1151 additis.
1056 1120 1136 1151 Cum
1152 1122 1255 1152 auten]
1274 1133 1370 1152 κατα-
1388 1154 1401 1165 ἢ

60 1175 163 1212 σκευή
183 1166 362 1204 Stoicorum
382 1172 464 1204 idem
485 1172 527 1203 sit
547 1174 642 1213 atque
657 1172 871 1214 Theophrasti
891 1175 1032 1214 ornatus,
1052 1173 1074 1204 ii
1094 1174 1223 1214 quidem
1242 1173 1371 1215 πρέπον
1400 1173 1405 1181 ’

60 1226 190 1256 ornatui
204 1226 437 1266 praemiserunt
452 1227 491 1266 et,
511 1226 538 1257 si
557 1225 747 1257 brevitatem
766 1226 977 1268 neglegimus,
997 1238 1093 1268 quam
1110 1238 1128 1258 a
1142 1227 1369 1268 perspicuitate

59 1278 228 1310 diremtam
249 1289 306 1310 suo
325 1279 395 1310 loeo
415 1279 626 1319 inseruerunt,
645 1290 775 1320 prorsus
795 1279 926 1311 eandem
945 1281 1059 1311 seriem
1075 1283 1253 1321 numerant,
1272 1292 1368 1322 quam

59 1330 186 1363 Tullius
205 1331 427 1373 Theophrasto
447 1331 568 1363 tribuit.
597 1331 703 1363 Media
722 1332 858 1374 denique
877 1332 1063 1373 Academia,
1087 1334 1113 1364 si
1134 1333 1368 1365 Partitionibus

61 1383 218 1415 Oratoriis
237 1385 363 1417 credere
382 1385 459 1416 lieet
478 1384 604 1427 (Partit.
620 1384 671 1417 Or.
690 1385 780 1427 139),
803 1386 889 1417 hunc
909 1386 1052 1417 ordinem
1075 1386 1231 1418 virtutum
1251 1388 1367 1419 consti-

59 1437 136 1468 tuit:
156 1437 331 1469 dilucidum
349 1437 478 1480 (σαφές)
494 1438 588 1470 breve
606 1437 802 1481 (σύντομον)
818 1439 985 1480 probabile
1001 1439 1163 1481 (πιθανόν
1177 1455 1212 1467 ω
1226 1441 1366 1483 πρέπον)

61 1489 187 1521 illustre
207 1488 478 1533 (μεγαλοπρεπές)
503 1502 598 1523 suave
618 1490 711 1533 (ἡδύ)
736 1491 862 1534 (Partit.
878 1492 928 1523 Or.
948 1493 1001 1533 19,
1022 1493 1060 1524 cf.
1076 1494 1160 1524 infra
1175 1505 1204 1534 p.
1220 1493 1259 1524 67
1274 1492 1366 1536 sqq.).

60 1541 172 1583 Itaque
193 1543 377 1575 vetustioris
399 1543 513 1585 τέχνης
537 1545 563 1575 si
587 1544 743 1576 rationem
763 1545 933 1586 habemus,
957 1546 1142 1589 testimonio
1163 1546 1308 1578 Oratoris
1328 1547 1367 1578 de

60 1595 272 1638 Theophrasti
291 1608 423 1628 numero
443 1597 626 1638 πρέποντος
645 1598 742 1629 verbo
762 1600 855 1629 tenus
879 1599 974 1630 fidem
993 1599 1109 1631 habere
1129 1600 1288 1631 debemus.
1315 1599 1366 1632 Ne

59 1649 121 1680 hoc
149 1649 277 1690 quidem
306 1650 444 1681 concedo
472 1650 598 1692 πρέπον
626 1651 658 1682 in
684 1652 916 1684 recentioribus
946 1653 1068 1685 artibus
1098 1664 1163 1685 non
1196 1653 1258 1685 nisi
1290 1656 1366 1695 post

58 1704 205 1733 ornatum
225 1702 332 1734 locum
351 1702 476 1735 habere.
506 1703 722 1741 Quintilianus
742 1716 934 1747 quamquam
956 1706 1138 1738 Tullianum
1160 1707 1194 1738 in
1212 1707 1296 1739 libro
1315 1707 1364 1738 De

58 1753 110 1787 Or.
134 1756 277 1787 ordinem
302 1756 446 1787 imitatur
465 1758 497 1788 et
519 1756 646 1799 πρέπον
669 1758 880 1800 postponit2),
910 1761 1017 1791 tamen
1041 1760 1109 1801 ipse
1133 1762 1304 1801 antequam
1325 1761 1364 1792 de

58 1810 174 1840 ornatu
188 1809 280 1848 dicat,
295 1811 450 1841 nonnulla
464 1811 649 1852 praemittit,
664 1822 745 1852 quae
760 1812 828 1843 sine
848 1812 946 1844 dubio
962 1813 1097 1854 ‘aptum'
1113 1813 1275 1854 explicant
1284 1813 1365 1845 VIII

35 1874 38 1876 ·
58 1861 88 1902 3,
104 1862 234 1893 11—14
253 1861 331 1904 (Cic.
347 1862 395 1894 De
411 1861 641 1906 Or.111,210).
671 1864 764 1901 Quod
783 1876 854 1896 cum
875 1877 893 1897 a
913 1877 970 1897 suo
991 1866 1102 1898 ordine
1121 1866 1306 1907 abhorreat,
1329 1867 1364 1898 in

58 1914 207 1946 extremis
221 1915 326 1947 verbis
342 1926 376 1947 se
391 1918 531 1948 revocat:
546 1915 628 1958 „Sed
642 1917 682 1948 ad
697 1918 960 1961 propositum.“⁸)
990 1919 1147 1951 Similiter
1162 1919 1272 1951 Cicero
1288 1922 1362 1951 ante

148 2015 173 2048 1)
191 2014 272 2047 vide,
290 2017 322 2042 ut
336 2015 451 2043 afferam
466 2017 633 2051 exemplum,
652 2017 683 2045 E.
699 2018 825 2046 Kremer:
845 2013 920 2046 Uber
935 2020 985 2046 das
1000 2019 1171 2047 rhetorische
1187 2020 1297 2054 System
1312 2020 1361 2046 des

57 2052 162 2087 Dionys
187 2062 210 2080 v.
225 2054 416 2088 Halicarnasus,
448 2056 602 2092 Strassburg
622 2060 706 2090 1907,
726 2067 754 2092 p.
769 2061 811 2085 45.
848 2059 882 2086 H.
898 2059 988 2086 Rabe:
1017 2059 1058 2086 De
1077 2060 1262 2094 Theophrasti
1281 2060 1361 2086 libris

56 2094 119 2126 περὶ
139 2093 234 2126 λέξεως
252 2103 279 2128 p.
293 2098 336 2121 43.

146 2134 172 2166 2)
192 2133 260 2160 Cum
277 2134 307 2160 in
325 2134 440 2168 reliquis
459 2136 608 2163 virtutibus
628 2136 688 2164 sine
707 2138 866 2165 testimonio
886 2139 973 2166 allato
993 2139 1092 2166 seriem
1107 2140 1302 2171 constitueret.
1331 2140 1361 2165 in

55 2172 115 2199 solo
135 2173 234 2200 decoro
253 2173 280 2200 ei
303 2182 371 2208 opus
395 2177 470 2202 esset
491 2177 656 2203 numerandi
675 2178 857 2211 auctoritate,
877 2179 946 2205 mihi
966 2179 1035 2205 satis
1054 2179 1165 2206 videtur
1183 2179 1309 2206 confiteri
1331 2188 1361 2206 se

56 2212 195 2239 diversum
214 2213 299 2239 etiam
318 2221 335 2239 a
354 2214 483 2242 Tulliano
503 2216 599 2243 ordine
618 2216 710 2243 locum
730 2217 884 2251 πρέποντος
902 2219 1019 2245 novisse.

145 2254 170 2287 3)
190 2253 267 2279 Idem
290 2253 394 2280 accidit
416 2254 446 2281 in
464 2255 539 2282 vitiis
558 2257 714 2283 tractandis
733 2257 796 2283 VIII
812 2261 840 2291 3,
855 2261 897 2284 42.
931 2258 1119 2285 Probabilitas
1143 2259 1218 2285 enim
1243 2260 1271 2285 et
1294 2258 1361 2292 πρέ-

52 2292 324 2327 novconiungenda
342 2294 414 2320 sunt.
