1566 2592
0 95 14 223 ''v-*w*
2 0 19 86 van-1-

514 130 555 157 De
575 130 666 157 tribus
686 129 798 156 dicendi
818 129 967 164 generibus
1352 128 1397 160 95

87 214 217 246 beretur
236 225 331 255 quam
351 211 521 254 iudicandi,
540 212 604 243 iam
624 210 763 243 dubitari
782 211 902 252 nequit,
921 211 1068 241 utrorum
1084 210 1127 242 sit
1147 209 1230 241 ratio
1250 211 1401 252 genuina,

88 269 121 299 et
146 267 212 299 utri
236 277 353 310 genera
377 266 415 297 ad
440 276 532 297 suum
556 275 650 296 usum
675 264 863 296 invenerint.
893 262 981 301 Quae
1005 264 1032 294 si
1057 263 1090 294 in
1114 264 1397 305 grammaticorum

88 321 215 353 iudiciis
234 319 481 360 adhibebantur,
501 318 615 350 mirum
645 328 711 349 non
730 319 778 349 est
806 328 825 349 a
852 316 1036 348 rhetoribus
1055 319 1183 358 recepta
1203 328 1278 348 esse.
1308 316 1399 349 Post—

89 385 186 416 quam
206 373 290 405 enim
309 373 350 404 ad
374 372 586 404 imitationem
617 370 759 402 studium
788 370 912 402 dicendi
942 381 974 401 se
1002 372 1108 401 totum
1136 370 1202 401 fere
1231 371 1401 412 convertit,

87 428 246 468 rhetores,
270 426 325 468 qui
348 426 423 467 περὶ
447 426 611 467 μιμήσεως
634 423 887 466 praecipiebant,
912 423 1031 455 iudicia
1050 434 1068 454 a
1087 423 1319 466 grammaticis,
1342 424 1399 465 qui
1448 432 1453 436 ·

89 480 217 512 eosdem
237 481 381 511 auctores
401 479 465 510 iam
484 478 608 519 pridem
628 478 834 519 censuerunt,
858 476 950 518 quasi
970 476 1009 508 ad
1027 487 1122 508 usum
1140 478 1252 518 parata
1271 477 1304 508 in
1323 489 1401 509 suos

87 532 188 565 libros
208 533 449 564 transtulerunt.
477 530 527 563 Ita
545 531 666 563 factum
686 532 747 571 est,
770 531 806 561 ut
830 530 960 561 termini
984 529 1068 562 inter
1086 530 1164 561 duas
1183 530 1399 563 institutionis

89 586 270 628 provincias
290 585 458 617 constituti
478 585 713 626 evanescerent3
732 583 833 615 veluti
847 583 1024 624 Dionysius
1039 582 1315 615 Halicarnasensis
1329 584 1400 615 rhe-
1444 598 1452 606 «

88 642 192 672 torem
208 639 337 681 quidem
349 650 382 670 se
397 638 557 671 nominari
571 639 603 669 et
618 648 686 669 esse
700 636 813 678 voluit,
827 636 883 668 sed
897 637 1037 678 plurima
1053 637 1120 668 eius
1136 636 1264 679 scripta,
1279 637 1401 679 quippe

90 704 171 735 quae
181 693 220 725 ad
231 692 443 724 imitationem
459 691 640 733 pertineam:
651 693 682 723 et
692 692 836 722 veterum
851 692 1019 722 auctorum
1036 690 1208 722 exhibeant
1223 701 1400 732 censuram,

89 757 154 778 non
179 747 285 778 minus
309 745 519 788 grammatica
543 755 637 787 quam
658 744 818 776 rhetorica
837 743 991 785 appellari
1010 746 1154 785 possunt.
1182 743 1324 775 Invicem
1343 755 1399 776 au-

89 802 155 832 tem
174 799 400 842 grammaticos
420 809 541 830 novum
561 797 775 830 institutionis
794 807 895 839 genus
915 797 976 828 sibi
991 808 1166 839 arrogasse,
1178 797 1403 839 Tyrannionis,

90 853 153 885 nisi
171 853 280 894 fallor,
306 852 492 884 definitione
512 851 590 883 artis
610 851 836 894 grammaticae
854 850 1018 892 probatur.
1047 849 1149 888 Quam
1169 850 1343 883 scholiasta
1361 851 1402 883 ad

91 905 242 948 Dionysii
257 905 367 938 Thrac.
383 908 483 937 artem
500 905 743 948 grammaticam
759 903 876 942 attulit,
891 906 928 935 ut
944 903 1198 945 reprehenderet,
1217 904 1268 936 his
1282 905 1403 936 verbis:

91 959 174 991 ὥστε
188 959 249 991 οὐκ
264 959 375 1000 ὀρθῶς
390 959 530 1000 ὡρίσατο
543 958 737 999 Τυραννίων
746 958 807 998 τὴν
821 959 1060 999 γραμματικήν,
1071 957 1174 989 εἰπὼν
1184 958 1403 1000 εγραμματική

93 1013 161 1045 ἐστι
180 1014 307 1053 θεωρία
325 1012 513 1054 μιμήσεως’·
538 1012 578 1044 οὐ
598 1013 703 1053 μόνον
727 1012 789 1052 γὰρ
813 1009 888 1051 περὶ
912 1012 1050 1052 μίμησιν
1069 1012 1292 1051 καταγίνεται,
1318 1011 1402 1042 ἀλλὰ

91 1065 146 1098 καὶ
165 1066 239 1108 περὶ
259 1065 360 1104 λέξεις
379 1066 421 1106 μὴ
444 1065 581 1107 ἐχούσας
599 1065 737 1106 μίμησιν
757 1063 827 1107 (Gr.
843 1063 954 1095 Graeci
969 1063 1017 1095 III
1039 1063 1125 1106 121).
1154 1064 1252 1096 Recte
1272 1064 1402 1105 quidem

92 1119 266 1152 scholiasta
284 1119 409 1151 notavit
428 1130 497 1150 eam
518 1118 737 1150 definitionem
757 1128 854 1149 unam
873 1119 997 1158 partem
1017 1117 1095 1148 artis
1116 1116 1293 1160 (κριτικόν)
1318 1128 1401 1149 com—

91 1172 301 1215 prehendere,
328 1183 393 1204 non
413 1183 532 1204 omnes.
564 1171 612 1203 Ea
631 1173 752 1212 autem,
781 1182 862 1212 quae
882 1170 989 1203 deesse
1015 1170 1104 1212 dicit,
1133 1170 1306 1202 Tauriscus
1330 1172 1402 1202 loco

91 1237 188 1268 supra
206 1225 336 1257 laudato
352 1226 397 1268 (p.
414 1224 502 1268 123),
521 1226 656 1266 λογικόν
675 1224 850 1266 appellavit
869 1223 974 1266 μέρος.
1005 1223 1067 1255 Sed
1081 1234 1147 1255 non
1161 1223 1326 1265 habemus,
1346 1235 1403 1256 cur

90 1281 254 1321 μιμήσεως
273 1279 464 1310 vocabulum
483 1279 576 1310 aliter
595 1278 842 1319 interpretemur
861 1279 958 1319 atque
978 1277 1159 1319 scholiasta,
1178 1279 1210 1309 et
1227 1277 1266 1309 ab
1282 1278 1403 1309 usitata

92 1333 126 1364 vi
144 1332 303 1365 rhetorica
323 1332 361 1364 ad
381 1333 469 1364 vocis
487 1333 653 1373 μιμήσεως
676 1331 742 1362 vim
766 1330 1038 1373 philosophicam,
1062 1331 1189 1372 qualem
1208 1331 1404 1363 Aristoteles

93 1385 188 1428 (rhet.
203 1384 252 1417 III
271 1397 302 1427 p.
320 1384 494 1428 1404a21)
514 1385 674 1427 adhibuit,
696 1386 901 1416 revertamur.
910 1383 934 1426 ¹)
963 1383 1001 1415 In
1020 1384 1081 1416 hac
1100 1384 1200 1426 igitur
1219 1384 1310 1426 quasi
1330 1396 1403 1417 con-

93 1439 220 1471 fusione
244 1439 362 1470 artium
387 1449 503 1480 genera
527 1439 651 1470 dicendi
671 1449 709 1469 ex
736 1437 837 1470 altera
855 1439 945 1479 parte
974 1437 1066 1469 facile
1087 1438 1119 1469 in
1143 1437 1277 1469 alteram
1301 1444 1402 1470 trans-

96 1492 209 1524 ierunt.

182 1544 290 1577 Habes
313 1556 417 1577 meam
441 1545 479 1577 de
503 1545 627 1588 origine
651 1556 803 1587 generum
829 1544 952 1576 dicendi
978 1545 1178 1576 sententiam.
1207 1545 1277 1583 Quo
1297 1546 1404 1578 minus

93 1600 200 1630 autem
220 1598 365 1641 singulos
384 1598 502 1640 gradus
516 1598 669 1630 historiae
684 1598 904 1640 perspicimus,
923 1608 960 1629 eo
977 1598 1078 1640 magis
1094 1600 1259 1630 teneamus
1275 1602 1404 1640 oportet

93 1663 143 1693 ea,
163 1663 243 1693 quae
263 1651 300 1683 de
319 1663 379 1684 usu
399 1662 551 1694 generum
571 1663 610 1684 ex
629 1651 735 1684 indole
754 1651 924 1692 librorum,
943 1650 976 1682 in
997 1651 1114 1692 quibus
1133 1653 1350 1694 reperiuntur,
1369 1653 1403 1685 in

93 1705 278 1737 universum
307 1715 500 1747 cognoscere
528 1705 698 1746 possimus.
735 1704 818 1736 Nam
848 1705 882 1736 in
909 1704 1090 1737 recentibus
1120 1716 1247 1747 quoque
1274 1706 1403 1748 scriptis

93 1758 276 1797 rhetoricis,
300 1769 381 1799 quae
401 1758 440 1789 ad
458 1769 517 1790 nos
535 1761 766 1800 pervenerunt,
790 1763 994 1800 χαρακτῆρας
1017 1758 1161 1790 videmus
1185 1770 1204 1790 a
1226 1759 1404 1791 virtutibus

94 1810 220 1853 λέξεως,
240 1823 336 1853 quam
355 1812 495 1853 priorem
514 1812 612 1844 fuisse
629 1811 742 1844 tertiae
756 1812 858 1853 partis
874 1812 1088 1843 instituendae
1104 1811 1259 1843 rationem
1276 1812 1403 1844 demon-

95 1865 280 1906 stravimus,
307 1867 362 1897 aut
381 1867 489 1906 aperte
510 1868 672 1906 separatos
693 1876 761 1897 esse
781 1867 837 1897 aut
855 1865 901 1896 ita
920 1865 1121 1907 coniunctos,
1145 1867 1181 1896 ut
1206 1866 1403 1897 confusionis

94 1918 197 1950 factae
223 1920 308 1950 certa
334 1918 471 1960 vestigia
495 1919 703 1960 reperiantur.
732 1918 824 1955 Quod
847 1918 875 1950 si
899 1929 1008 1950 verum
1033 1921 1081 1950 est
1107 1937 1151 1941 —
1176 1929 1405 1960 persequemur

186 2020 211 2052 1)
231 2017 284 2050 Qui
302 2018 344 2045 ita
363 2019 555 2046 definitionem
574 2019 724 2053 explicant,
744 2027 839 2046 vereor
855 2027 890 2045 ne
905 2019 1106 2053 Tyrranionem
1121 2019 1240 2046 invitum
1261 2028 1311 2046 sua
1329 2021 1404 2054 ipso-

94 2067 155 2084 rum
176 2058 304 2084 doctrina
323 2059 463 2086 exornent.
493 2059 547 2085 Sed
567 2068 622 2086 non
643 2059 732 2085 solum
752 2059 892 2086 Steinthal
912 2059 953 2085 ita
971 2060 1174 2093 interpretatus
1194 2061 1236 2086 est
1251 2059 1359 2093 (Gesch.
1376 2061 1403 2087 d.

95 2097 236 2132 SprachW.
256 2098 281 2124 11
289 2097 307 2130 ²,
329 2100 402 2132 1⁷7),
427 2106 522 2125 verum
542 2099 568 2125 ei
587 2107 716 2125 assensus
735 2100 778 2126 est
797 2099 913 2125 Usener:
942 2099 960 2126 l.
975 2099 993 2125 l.
1008 2108 1035 2133 p.
1051 2102 1116 2131 639,
1145 2100 1193 2133 qui
1213 2099 1404 2133 scholiastam,

95 2146 178 2171 quem
198 2146 248 2164 nos
268 2138 418 2171 sequimur,
436 2138 478 2165 ita
492 2139 646 2173 vituperat:
667 2138 735 2172 „Die
750 2139 848 2174 billige
863 2139 1067 2174 Widerlegung
1082 2139 1164 2174 zeigt,
1185 2139 1239 2165 dass
1255 2140 1304 2166 der
1319 2140 1403 2166 Scho-

94 2177 162 2203 liast
186 2178 231 2203 die
250 2177 401 2204 Definition
424 2178 504 2205 nicht
526 2179 565 2205 im
584 2179 746 2214 geringsten
765 2179 931 2206 vei-standon
951 2179 1028 2205 hat&
1057 2179 1112 2206 Sed
1131 2179 1300 2206 scholiastae
1323 2179 1403 2206 testi-

94 2218 220 2244 monium
239 2226 324 2243 unum
344 2219 422 2244 extat
440 2218 475 2244 de
493 2218 546 2244 hac
565 2219 735 2245 definitione.
766 2218 891 2253 Μίμησιν
910 2220 1003 2245 autem
1023 2219 1059 2245 ad
1079 2219 1291 2253 grammaticam
1314 2220 1402 2245 artem

95 2257 182 2283 etiam
201 2257 303 2283 detulit
322 2257 494 2284 Theodosius
512 2258 726 2291 Alexandrinus,
746 2266 827 2292 quem
848 2258 930 2285 affert
959 2259 1101 2285 Fabricius
1123 2259 1159 2285 ad
1175 2259 1251 2285 Sexti
1267 2259 1403 2293 Empirici

96 2297 187 2323 locum
207 2306 292 2331 supra
311 2297 457 2323 laudatum
476 2299 512 2331 (p.
529 2299 581 2330 92).
