1566 2592
164 155 228 187 102
732 154 827 189 Caput
844 154 903 182 VII.

160 237 287 269 Tullius
307 236 397 268 iubet
416 238 517 268 artem
538 236 686 269 institui?
714 236 879 268 Admonet
899 236 936 269 de
956 237 1098 279 quinque
1117 236 1295 269 notissimis
1314 237 1393 269 artis
1408 248 1482 279 par-

159 291 248 322 tibus
264 292 296 322 et
314 290 403 329 λέξιν
422 301 460 322 ex
480 290 656 322 virtutibus
671 290 774 330 docet,
791 290 980 332 „siquidem,
999 291 1086 332 quod
1101 290 1232 337 (genus)
1248 290 1353 323 omnis
1367 290 1480 324 laudo!

160 344 268 385 habet,
288 344 320 375 id
340 347 389 376 est
409 343 608 386 optumum.“

250 397 386 430 Nullum
411 400 500 429 extat
519 398 675 440 scriptum
701 398 911 439 rhetoricum,
940 397 1027 440 qnod
1046 409 1146 440 aeque
1172 400 1281 440 aperte
1306 397 1478 440 generibus

160 463 256 484 suum
276 452 383 484 locum
403 451 526 483 tribuat
545 454 577 483 et
596 452 771 483 virtutibus
791 451 906 490 λέξεως
930 451 1169 484 institutionem
1192 451 1386 484 reddendam
1409 462 1480 484 esse

159 505 282 538 doceat.
311 505 405 543 Quod
423 505 572 547 equidem
591 505 652 537 tibi
671 505 863 547 persuadere
883 505 994 546 velim,
1019 504 1182 537 Ciceronis
1204 516 1243 537 ex
1267 516 1322 537 ore
1346 505 1480 547 accipis:

159 570 280 602 genera
302 571 343 591 ne
365 561 503 601 possunt
527 559 655 600 quidem
680 559 720 590 ad
744 558 859 597 λέξεως
883 558 1145 600 praeceptionem
1169 558 1328 599 adhiberi,
1350 558 1413 590 nisi
1437 557 1479 590 ab

161 613 216 655 iis,
242 613 298 655 qui
325 624 453 644 omnem
480 612 694 644 elocutionem
720 614 838 654 petunt
863 612 903 643 ab
931 611 1120 644 imitatione.
1149 611 1329 644 Imitationi
1348 611 1479 653 quidem

160 667 259 698 etiam
278 667 408 699 libellus
428 666 467 698 de
486 668 621 708 optumo
642 677 758 708 genere
777 666 846 707 ipse
867 665 1011 706 inservit,
1030 665 1085 697 sed
1105 665 1134 698 ei
1153 665 1281 699 rationi.
1301 676 1395 707 quam
1415 665 1480 708 pri-

161 731 247 752 mam
263 731 361 762 supra
375 720 620 762 appellavimus,
639 719 812 762 colligendi
833 719 977 761 singulas
997 719 1132 751 virtutes
1151 730 1191 750 ex
1209 718 1322 752 multis
1341 718 1479 751 auctori-

159 774 222 806 bus
243 773 357 817 (supra
375 785 405 815 p.
422 772 488 816 89).

250 827 350 859 Varia
361 827 524 859 Ciceronis
539 827 660 868 scripta
674 826 836 859 rhetorica
851 826 885 858 in
899 826 982 858 hanc
997 826 1176 868 composita
1190 826 1318 858 seriem:
1330 823 1482 858 LiberIII

159 881 209 913 De
224 880 369 922 Oratore,
384 881 579 913 Partitiones
595 880 658 922 Or.,
673 879 798 920 Orator,
813 879 942 912 libellus
958 879 1006 911 De
1021 881 1155 921 optumo
1170 890 1287 922 genere
1301 881 1380 912 orat.
1394 879 1481 911 idem

160 946 221 967 nos
240 935 365 977 docent,
385 935 472 976 quod
487 934 678 972 Quintiliani
698 945 799 965 unum
819 933 926 975 operis
941 944 1059 975 corpus
1074 933 1202 965 facilius
1220 933 1371 974 ostendit,
1390 943 1481 974 prae-

159 989 343 1030 ceptionem
365 988 480 1027 λέξεως
499 989 532 1020 in
552 987 729 1020 virtutibus
748 987 888 1029 positam
908 997 986 1029 esse,
1007 997 1126 1029 genera
1143 986 1305 1029 pertinere
1324 986 1364 1018 ad
1383 987 1482 1028 caput

160 1043 201 1074 de
221 1044 349 1074 oratore
369 1044 402 1074 et
423 1042 461 1074 de
486 1042 678 1074 imitatione.
708 1040 875 1083 Sequitur,
898 1042 937 1072 ut
960 1043 1073 1072 contra
1095 1040 1254 1072 rationem
1278 1041 1401 1082 peccet,
1425 1039 1482 1082 qui

160 1107 281 1139 genera
304 1096 389 1128 inter
412 1098 583 1138 praecepta
606 1095 750 1137 recipiat.
779 1094 898 1126 Missos
917 1094 1001 1126 facio
1020 1094 1143 1136 posteri
1162 1094 1232 1126 aevi
1256 1093 1401 1126 rhetores
1419 1093 1481 1125 La-

160 1150 263 1192 tinos,
289 1150 386 1182 etiam
412 1150 519 1191 ipsum
539 1148 822 1189 Fortunatianum,
849 1147 904 1190 qui
931 1147 964 1179 id
990 1147 1143 1190 agebant,
1168 1150 1206 1179 ut
1231 1158 1270 1179 ex
1295 1146 1482 1179 auctoribus

161 1203 413 1244 venerabilibus,
444 1203 597 1235 Cicerone
625 1202 833 1244 potissimum
862 1203 894 1233 et
920 1201 1135 1242 Quintiliano,
1164 1200 1321 1242 quidquid
1349 1210 1481 1242 quoquo

159 1257 233 1290 loco
253 1257 447 1299 docuissent,
466 1257 501 1289 in
519 1255 700 1298 ἐγχειρίδια
720 1267 777 1288 sua
796 1255 995 1298 colligerent.
1025 1254 1106 1293 Quia
1121 1255 1230 1287 omnia
1244 1254 1307 1287 sibi
1321 1253 1482 1286 afferenda

162 1311 336 1354 putabant,
365 1322 482 1353 genera
506 1312 538 1342 et
562 1310 699 1342 virtutes
723 1320 787 1341 uno
811 1309 996 1341 tractabant
1019 1308 1138 1350 capite,
1162 1319 1357 1350 quamquam
1380 1307 1482 1340 altera

163 1365 245 1397 ratio
266 1365 400 1397 alteram
420 1364 568 1396 elidebat.
598 1362 662 1395 Sed
681 1363 808 1395 videtur
827 1362 924 1394 etiam
939 1361 1064 1394 Auctor
1078 1361 1117 1393 ad
1132 1361 1331 1393 Herennium
1349 1360 1382 1392 id
1395 1371 1482 1393 com-

161 1419 290 1450 misisse
315 1418 444 1450 crimen.
478 1417 617 1449 Videtur
641 1417 726 1457 dico,
752 1417 904 1458 quoniam
929 1415 1034 1457 specie
1057 1414 1281 1447 tantummodo
1306 1413 1401 1446 ambo
1420 1413 1482 1446 sub

161 1472 344 1504 elocutione
364 1472 540 1513 coniunxit,
559 1482 671 1503 revera
690 1472 798 1502 autem
818 1471 898 1502 fines
918 1469 997 1501 satis
1017 1471 1145 1511 apertos
1163 1468 1282 1511 posuit.

253 1525 362 1567 Atque
387 1527 537 1568 quartum
562 1524 692 1566 quidem
716 1524 835 1556 librum
860 1534 968 1564 suum,
992 1523 1048 1565 qui
1072 1524 1121 1555 est
1145 1522 1184 1554 de
1203 1521 1398 1563 elocutione,
1419 1521 1483 1554 hoc

164 1580 260 1612 modo
280 1579 405 1611 Auctor
427 1590 608 1620 anonymus
633 1578 757 1621 divisit,
780 1580 817 1609 ut
841 1577 951 1609 omnia
974 1576 1089 1616 λέξεως
1112 1578 1284 1618 praecepta
1306 1586 1370 1607 una
1390 1577 1483 1617 parto

163 1633 355 1674 absolveret,
377 1644 458 1675 quae
472 1632 588 1674 incipit
603 1644 622 1664 a
637 1632 742 1674 capite
757 1631 956 1663 duodecimo.
984 1629 1035 1663 Ibi
1050 1630 1135 1662 enim
1151 1629 1303 1671 explicat:
1318 1639 1417 1670 „quas
1431 1639 1483 1661 res

163 1686 279 1719 debeat
307 1687 425 1718 babere
454 1686 594 1718 elocutio
623 1686 792 1717 commoda
820 1687 852 1717 et
879 1684 1049 1726 perfecta.“
1081 1683 1278 1715 Praefationi
1307 1685 1415 1714 autem
1443 1682 1483 1714 de

162 1741 320 1782 exemplis
353 1740 554 1782 conscriptae
587 1739 626 1782 (c.
645 1738 745 1782 1—7)
779 1739 869 1771 addit
902 1740 1074 1770 tractatum
1107 1738 1145 1769 de
1173 1737 1278 1768 tribus
1310 1735 1484 1779 generibus

163 1793 205 1837 (c.
222 1793 360 1834 8—11),
390 1794 443 1836 qui
472 1793 577 1825 omnis
603 1793 670 1825 fere
696 1804 735 1825 ex
761 1792 916 1834 exemplis
943 1793 1070 1824 constat
1091 1801 1196 1832 neque
1220 1791 1287 1822 ulla
1311 1788 1482 1831 eloquendi

159 1851 327 1888 praecepta
353 1847 495 1890 exponit.
524 1847 612 1885 Quae
639 1847 671 1878 in
698 1846 758 1878 hac
784 1849 875 1888 parte
902 1845 1050 1878 consulto
1074 1843 1188 1876 evitari
1211 1843 1378 1876 nonnullis
1399 1843 1482 1875 locis

163 1904 307 1943 apparet.
344 1901 425 1933 Cum
449 1901 534 1932 enim
560 1901 593 1932 in
619 1900 835 1932 describendis
859 1899 1032 1942 generibus
1055 1897 1352 1930 commemorandae
1375 1898 1484 1929 essent

165 1955 337 1987 verborum
358 1954 471 1986 electio
492 1957 524 1986 et
543 1954 735 1995 compositio
760 1955 857 1995 atque
881 1953 1005 1984 dicendi
1029 1952 1165 1995 figurae,
1189 1962 1225 1982 ea
1249 1953 1420 1992 praecepta
1441 1949 1483 1983 ad

164 2009 299 2040 alteram
315 2008 431 2040 detulit
446 2010 570 2050 partem
591 2007 638 2039 IV
657 2008 710 2039 11:
729 2006 782 2049 „Si
803 2006 1028 2038 exornationes
1048 2004 1279 2037 sententiarum
1296 2006 1352 2036 aut
1372 2003 1484 2036 verbo-

166 2074 239 2095 rum
259 2061 446 2105 (σχήματα),
467 2072 547 2103 quae
567 2061 759 2103 gravitatem
778 2060 953 2101 habebunt,
972 2059 1010 2091 de
1030 2059 1147 2101 quibus
1166 2060 1242 2099 post
1261 2058 1416 2099 dicemus,
1430 2056 1484 2089 ad-

165 2115 393 2157 hibebuntur“,
412 2117 463 2147 vel
482 2114 530 2146 IV
548 2115 602 2146 16:
629 2114 750 2156 „Omne
770 2125 871 2156 genus
898 2113 1054 2145 orationis
1075 2138 1080 2143 .
1097 2138 1103 2144 .
1120 2138 1126 2143 .
1145 2112 1303 2154 dignitate
1329 2111 1484 2143 adficiunt

167 2170 407 2210 exornationes,
431 2169 469 2200 de
493 2169 611 2210 quibus
636 2170 711 2210 post
733 2167 930 2209 loquemur“.
969 2166 1073 2198 Multo
1097 2166 1194 2198 etiam
1220 2165 1347 2207 saepius
1370 2166 1483 2196 auctor

167 2223 421 2264 disputationem
440 2223 479 2254 ad
499 2222 631 2254 alteram
652 2224 776 2263 partem
791 2231 954 2252 removere
970 2219 1142 2260 debuisset,
1162 2219 1189 2251 si
1205 2229 1322 2261 genera
1335 2219 1483 2250 accurate

166 2276 325 2308 voluisset
344 2276 522 2308 describere
542 2286 648 2317 neque
667 2275 746 2307 satis
765 2274 932 2306 habuisset
946 2274 1102 2314 exemplis
1117 2273 1174 2304 uti.
1201 2271 1321 2304 Contra
1335 2272 1368 2304 in
1382 2271 1483 2303 altera

166 2333 268 2372 parte,
288 2341 369 2372 quae
389 2332 437 2362 est
457 2330 495 2361 de
509 2329 685 2361 virtutibus
705 2329 905 2369 elocutionis,
925 2338 1079 2370 generum
1100 2326 1295 2358 mentionem
1313 2336 1379 2357 non
1397 2325 1481 2356 fecit.
