1566 2592
187 170 230 201 86
771 166 862 202 Caput
881 166 926 194 VI.

187 254 251 284 tem
273 251 343 283 laus
363 253 412 283 est
431 250 593 283 interdum
613 250 646 282 in
665 250 774 291 aliqua
792 251 883 291 parte
903 247 1077 291 dioendi1),
1098 248 1130 279 in
1150 247 1301 279 universa
1319 246 1505 289 eloquentis

187 305 314 337 laudem
331 316 397 337 non
410 304 536 336 habetf‘
554 303 717 346 Repudiat
731 303 832 346 igitur
846 313 957 335 eorum
972 301 1173 344 sententiam,
1189 301 1244 343 qui
1260 300 1387 333 Stoicos
1402 299 1504 333 secuti
1539 323 1546 347 5

189 359 372 399 συντομίαν
392 358 476 390 inter
494 359 649 399 quattuor
667 357 778 389 laudes
798 356 1057 399 Theophrasteas
1076 355 1146 398 pari
1166 355 1234 387 iure
1253 355 1451 396 receperunt.

614 463 654 497 V.
674 463 815 497 ornatus
836 462 1077 506 (κατασκευή).

280 527 419 560 Ornatus
448 527 641 560 creberrima
667 526 812 558 omnium
837 527 995 558 virtutum
1019 525 1185 566 reperitur.
1218 523 1255 556 Id
1274 524 1360 556 enim
1381 524 1507 566 spectat

188 584 279 614 totus
302 582 386 614 liber
409 581 591 622 Tullianus,
616 584 654 612 ut
677 580 826 612 ostendat
849 590 945 621 quam
970 579 1055 611 lente
1079 580 1111 610 et
1135 577 1293 621 gradatim
1318 578 1507 610 ornamenta

188 635 316 668 dicendi
332 635 371 667 ab
387 634 570 667 oratoribus
585 634 741 666 Romanis
756 633 902 665 adhibita
921 635 953 664 et
972 632 1100 664 exculta
1118 631 1193 663 sint.
1221 629 1335 673 Itaque
1352 630 1388 663 in
1405 629 1507 672 quali-

189 689 245 721 bet
263 689 381 732 pagina
402 689 572 720 occurrunt
597 688 755 729 exempla,
780 686 897 729 quibus
921 686 1070 718 laudetur
1088 685 1282 726 κατασκευή,
1299 694 1406 726 neque
1424 694 1507 726 opus

188 745 240 776 est
259 743 293 774 in
312 742 373 774 hac
391 753 425 773 re
445 741 572 773 morari.
600 740 705 783 Magis
724 751 800 772 vero
820 741 931 772 nostra
946 739 1090 781 interest,
1109 749 1188 780 quas
1203 738 1237 770 in
1252 739 1360 780 partes
1374 738 1508 770 ornatus

190 807 308 839 magna
327 795 494 837 provincia
513 794 671 835 disposita
691 793 746 835 sit3
765 793 850 834 apud
865 792 1059 834 Dionysium
1077 791 1195 824 multas
1210 802 1262 823 eas
1276 790 1376 823 fuisse
1390 801 1508 834 cogno-
1563 807 1566 809 ·

190 850 306 890 vimus,
327 848 437 881 Cicero
457 849 564 879 autem
585 847 688 878 multo
708 846 845 891 parcior.

677 936 703 967 1.
723 933 1027 977 μεγαλοπρεπές.

282 1000 415 1032 Br.123
436 998 578 1043 (Cicero)
598 997 779 1030 Attulimus
804 997 964 1029 iuventuti
988 997 1251 1038 maynifioentius,
1275 1007 1371 1038 quam
1394 996 1510 1038 fuerat,

193 1065 294 1098 genus
314 1053 440 1085 dicendi
460 1055 493 1085 et
513 1053 664 1085 ornatius.

283 1107 337 1141 Br.
354 1107 418 1139 126
438 1106 487 1150 (Ο.
503 1105 683 1148 Gracchus)
707 1105 851 1137 Grandis
870 1106 919 1136 est
940 1104 1056 1136 verbis.

284 1161 337 1194 Br.
353 1161 419 1193 203
439 1158 633 1202 (Sulpicius)
655 1159 799 1192 Grandis
817 1160 859 1200 et,
878 1160 914 1190 ut
933 1158 979 1190 ita
998 1157 1110 1198 dicam,
1129 1157 1271 1200 tragicus
1291 1158 1408 1189 orator.

283 1215 337 1247 Br.
353 1214 418 1247 250
438 1212 640 1257 (Marcellus)
659 1215 691 1244 et
710 1212 801 1244 lectis
820 1212 924 1244 utitur
942 1211 1050 1243 verbis
1069 1213 1101 1243 et
1119 1210 1342 1252 frequentibus
1357 1212 1390 1243 et
1404 1209 1512 1252 splen·
1562 1243 1566 1245 ,

195 1269 272 1302 dore
298 1269 386 1301 vocis
413 1270 445 1300 et
471 1267 629 1310 dignitate
655 1268 763 1298 motus
788 1266 827 1297 fit
852 1266 1034 1307 speciosum
1058 1266 1090 1297 et
1112 1264 1245 1307 illustre,
1271 1263 1358 1306 quod
1383 1262 1513 1305 dicitur,

194 1322 368 1364 omniaque
387 1322 433 1353 sic
452 1322 638 1363 suppetunt,
657 1322 694 1352 ut
713 1320 742 1352 ei
761 1321 883 1352 nullam
904 1319 1014 1351 deesse
1032 1319 1175 1350 virtutem
1194 1317 1331 1350 oratoris
1350 1319 1470 1359 putem.

284 1376 338 1407 Br.
353 1375 419 1408 265
439 1373 652 1418 (Torquatus)
668 1373 801 1406 Summa
815 1373 986 1408 verborum
1005 1372 1147 1415 gravitas
1167 1369 1460 1414 (μεγαλοπρέπεια)
1479 1372 1513 1403 et
1563 1403 1566 1414 ἑ

195 1430 356 1472 elegantia
376 1428 580 1472 (καθαρότης
595 1432 627 1466 -l-
644 1425 831 1469 σαφήνεια).

789 1516 817 1548 2,
839 1515 922 1558 ἡδύ.

286 1574 338 1613 Br.
356 1581 420 1612 110
439 1579 553 1622 Neque
573 1579 658 1612 enim
673 1579 772 1611 refert
785 1578 903 1618 videre,
923 1577 1001 1620 quid
1021 1577 1190 1609 dicendum
1210 1577 1262 1618 sit,
1280 1576 1344 1608 nisi
1363 1575 1396 1608 id
1415 1586 1513 1618 queas
1563 1587 1566 1590 ⁴

197 1636 303 1667 solute
322 1637 354 1667 et
372 1635 510 1666 suaviter
528 1633 640 1665 dicere.
1562 1671 1566 1675 ι

287 1688 340 1720 Br.
355 1688 396 1720 37
418 1686 617 1730 (Demetrius
637 1684 826 1728 Phalereus)
846 1685 961 1717 Suavis
980 1682 1107 1728 (ἡδύς),
1131 1685 1215 1716 sicut
1232 1683 1309 1724 fuit,
1327 1682 1431 1716 videri
1449 1693 1514 1715 ma·
1564 1712 1566 1714 .

198 1741 269 1783 luit,
290 1752 385 1783 quam
406 1741 514 1784 gravis
534 1738 820 1782 (μεγαλοπρεπής).

288 1795 340 1827 Br.
355 1795 400 1826 44
424 1793 592 1837 (Pericles)
614 1793 720 1825 Huius
745 1793 897 1825 suavitate
923 1791 1062 1824 maxime
1087 1792 1244 1823 hilaratae
1262 1789 1410 1822 Athenae
1427 1790 1515 1831 sunt,
1563 1825 1566 1835 ⁴

200 1849 296 1881 huius
319 1849 500 1880 ubertatem
524 1850 555 1879 et
580 1846 704 1888 copiam
730 1844 1044 1888 (μεγαλοπρέπειαν)
1069 1845 1258 1886 admiratae,
1281 1842 1424 1875 eiusdem
1447 1842 1514 1875 vim
1563 1861 1566 1868 ι

200 1902 327 1935 dicendi
345 1904 563 1943 terroremque
583 1898 787 1942 (δεινότητα)
806 1898 992 1931 timuerunt.
1550 1874 1566 1937 J

289 1955 343 1987 Br.
359 1955 424 1987 274
436 1966 482 1996 sq.
502 1952 675 1996 (Calidius)
695 1952 757 1985 Hic
777 1954 864 1984 totus
882 1952 1049 1984 suavitatis
1068 1953 1116 1983 est
1135 1950 1307 1992 exemplar.

290 2009 343 2041 ΒΥ.
359 2008 425 2040 276
444 2007 584 2050 „Quodsi
604 2009 654 2039 est
668 2006 827 2048 optimum
842 2006 980 2038 suaviter
993 2005 1107 2046 dicere,
1125 2003 1208 2036 nihil
1223 2006 1280 2045 est,
1300 2003 1387 2045 quod
1401 2003 1517 2036 melius

201 2063 263 2094 hoc
283 2062 499 2104 quaerendum
519 2061 640 2103 putes.“
668 2060 876 2092 Desideratur
895 2060 1003 2091 autem
1022 2059 1056 2090 in
1075 2069 1112 2090 eo
1133 2058 1180 2089 vis
1199 2059 1232 2089 et
1251 2057 1416 2089 contentio
1436 2055 1518 2100 (δεμ
1546 2091 1551 2096 „

201 2115 328 2158 νότης),
357 2126 439 2157 quae
467 2117 516 2147 est
543 2126 599 2156 „ex
625 2113 775 2146 omnibus
800 2113 938 2144 oratoris
962 2112 1109 2144 laudibus
1131 2111 1227 2153 longe
1244 2137 1250 2143 .
1266 2136 1271 2142 .
1286 2135 1294 2142 .
1323 2107 1517 2153 maxima“¹)
1547 2123 1553 2153 j

202 2169 306 2213 (279).

295 2268 320 2301 1)
340 2266 455 2293 Scilicet
473 2265 535 2292 laus
554 2266 597 2291 est
615 2263 796 2296 narrationis,
815 2264 847 2289 ut
865 2270 950 2297 supra
970 2262 998 2288 in
1019 2262 1112 2296 capite
1131 2261 1167 2288 de
1181 2260 1352 2288 narrationis
1366 2259 1517 2287 virtutibu-
1558 2275 1559 2278 =

203 2306 465 2334 demonstravimus.
1555 2298 1566 2331 1

294 2349 320 2381 2)
340 2346 427 2373 Paulo
442 2347 507 2380 post
521 2345 556 2372 de
571 2345 670 2372 eadem
686 2343 822 2370 facultate
837 2342 960 2370 oratoria
975 2341 1071 2369 Cicero
1086 2341 1203 2368 adhibet
1217 2340 1384 2368 vocabulum
1395 2338 1517 2367 ‘vii-tw.
1558 2335 1566 2365 l

1561 2420 1566 2436 Ι

1561 2446 1566 2470 l
