1566 2592
345 130 387 157 De
405 129 540 156 virtutum
559 126 671 154 dicendi
691 125 766 160 apud
784 125 925 152 Romanos
943 123 1061 150 ratione.
1319 121 1359 153 67

57 213 271 257 Theophrasti
281 212 415 254 vestigia
429 209 668 252 cognoscuntur
675 206 710 250 ¹),
724 209 831 239 tamen
841 206 940 237 Tullii
955 205 1082 236 demum
1097 214 1193 245 opera
1209 204 1248 235 ad
1262 203 1364 244 ipsius

57 268 163 302 Eresii
183 268 335 299 sinceram
360 263 536 296 doctrinam
556 261 720 294 redeuntis
739 260 822 292 ratio
842 259 1082 300 Theophrastea
1101 269 1119 289 a
1139 256 1300 299 magistris
1320 255 1365 287 di-

60 321 151 354 cendi
180 319 345 360 inquinata
371 317 473 349 denuo
497 315 715 356 redintegrata
738 315 794 345 est.
824 312 912 344 Utile
936 314 984 344 est
1012 311 1155 342 tabulam
1181 309 1364 351 depingere:

178 416 300 449 Auctor
318 415 358 447 ad
377 413 576 447 Herennium
926 409 1168 450 Theophrastus

225 497 230 503 .
279 469 455 516 [Latinitas
725 463 918 505 ἑλληνισμός

95 498 253 541 enganna
276 517 481 563 lexplanatio
724 518 887 558 σαφήνεια

723 570 850 612 πρέπον

308 627 499 669 compositio

309 681 448 723 dignitas
724 677 908 717 κατασκευή

771 730 803 772 a)
823 730 940 771 ἐκλογή

309 786 542 830 <compositio>
772 783 807 826 b)
827 783 968 825 ἁρμονία

343 840 376 884 a)
396 840 619 872 exornationes
778 837 809 879 c)
829 838 984 878 σχήματα.

151 930 312 963 Ciceronis
331 930 414 962 inter
433 928 552 970 scripta
570 927 730 959 rhetorica
750 938 847 958 unum
868 927 901 956 et
920 925 1044 971 dicendi
1064 934 1178 966 genere
1193 925 1225 954 et
1243 923 1368 954 ratione

65 983 281 1027 praecipiendi
299 984 415 1014 mirum
436 983 592 1023 quantum
612 992 630 1012 a
648 980 780 1021 reliquis
800 980 911 1017 distat,
930 978 1050 1010 librum
1070 977 1155 1018 dico,
1179 976 1234 1017 qui
1258 975 1366 1007 inscri-

60 1038 150 1070 bitur
167 1037 378 1080 ‚,Partitiones
399 1034 580 1067 Oratoriae“
600 1033 793 1077 (διαιρέσεις
812 1030 1014 1074 ῥητορικαί),
1034 1043 1052 1062 a
1071 1030 1224 1062 Cicerone
1244 1029 1283 1061 ad
1303 1028 1367 1060 edi—

62 1091 184 1123 tionem
202 1101 305 1132 neque
324 1088 517 1121 destinatum
539 1098 642 1128 neque
665 1088 822 1127 paratum.
852 1085 970 1117 Forma
993 1085 1096 1116 utitur
1121 1083 1242 1124 dialogi
1265 1083 1369 1124 isago-

63 1144 126 1187 gici
144 1144 225 1175 κατὰ
247 1147 367 1174 πεῦσιν
385 1141 438 1173 καὶ
463 1140 647 1182 ἀπόκρισιν.
675 1139 777 1171 Filius
802 1138 927 1170 dicendi
952 1137 1115 1169 studiosus
1135 1148 1153 1168 a
1176 1139 1267 1178 patre
1291 1136 1369 1167 artis

61 1196 257 1238 peritissimo
276 1206 333 1237 per
357 1205 483 1226 omnem
506 1193 621 1235 τέχνης
644 1203 792 1234 campum
818 1192 944 1223 ducitur
968 1202 1032 1222 non
1051 1193 1116 1222 tam
1137 1190 1176 1221 ad
1198 1191 1370 1230 praecepta

63 1249 284 1291 concipienda,
309 1259 405 1289 quam
423 1249 460 1279 ut
479 1247 585 1288 capita
604 1248 636 1278 et
658 1248 765 1288 partes
790 1245 968 1277 definiendo
992 1246 1164 1286 cognoscat
1187 1244 1219 1274 et
1243 1253 1369 1274 omnem

63 1303 173 1335 orbem
192 1302 226 1334 in
249 1303 421 1342 conspectu
449 1300 579 1340 habeat,
604 1299 791 1341 priusquam
818 1298 910 1330 adeat
937 1298 1071 1339 singula.
1080 1296 1105 1339 ²)
1134 1296 1237 1327 Multa
1256 1296 1290 1327 in
1307 1295 1370 1327 hoc

63 1355 146 1387 libro
167 1355 276 1396 quaeri
294 1357 431 1396 possunt
450 1356 482 1384 et
501 1353 540 1384 de
559 1353 697 1384 dictione
717 1363 755 1384 ex
776 1351 897 1383 Graeco
918 1362 1011 1392 saepe
1031 1350 1205 1391 exemplari
1224 1351 1370 1381 accurate

64 1419 217 1440 conversa
236 1410 268 1439 et
287 1407 325 1438 de
345 1409 498 1448 tempore,
517 1417 580 1447 quo
601 1406 740 1447 scriptus
760 1405 811 1446 sit,
822 1406 853 1436 et
864 1404 901 1435 de
911 1415 981 1444 usu,
996 1403 1046 1435 cui
1063 1403 1231 1435 observiat.
1250 1401 1370 1433 Nostra

64 1461 198 1493 interest
217 1472 290 1492 cum
305 1471 343 1491 ex
358 1459 547 1491 Academiae
566 1458 710 1491 fontibus
725 1457 911 1489 Ciceronem
930 1457 1075 1488 hausisse
1092 1455 1189 1498 (Part.
1203 1454 1281 1498 139)
1300 1457 1369 1486 tum

65 1525 102 1546 eu
115 1514 239 1545 ratione
254 1513 432 1544 instituisse
446 1512 574 1554 librum,
587 1513 624 1542 ut
639 1511 746 1543 onmia
765 1511 1020 1551 discerperentur
1038 1510 1071 1541 in
1091 1506 1234 1552 singulas
1253 1510 1370 1550 partes,

65 1578 129 1609 quo
148 1566 262 1598 melius
282 1566 407 1598 definiri
427 1567 567 1607 possent.
596 1564 704 1596 Missis
724 1565 837 1596 ceteris
862 1563 1103 1604 quaestionibus
1112 1562 1138 1605 ⁸)
1157 1562 1197 1594 ad
1218 1562 1370 1594 elocutio-

65 1631 138 1652 nem
159 1619 268 1651 statim
288 1619 519 1662 aggrediamur.

154 1673 267 1704 Totius
282 1673 360 1704 artis
374 1673 436 1703 tria
453 1683 578 1703 summa
591 1671 670 1703 facit
689 1671 807 1713 capita:
827 1671 890 1702 vim
907 1670 1052 1711 oratoris,
1071 1670 1259 1710 orationem,
1279 1679 1370 1710 quae-

65 1727 204 1758 stionem
224 1725 282 1768 (3).
311 1725 370 1757 Vis
389 1725 524 1757 oratoris
549 1724 602 1767 (cf.
621 1723 702 1766 ἔργα
720 1728 780 1756 τοῦ
807 1724 947 1765 ῥήτορος
972 1725 1078 1764 partes
1107 1722 1244 1754 oratoris
1271 1722 1370 1754 officii

65 1779 313 1812 Fortunatianus
333 1790 363 1820 p.
379 1779 418 1810 81
427 1778 467 1810 Η.
488 1777 551 1809 Cio.
567 1776 619 1809 Or.
633 1777 691 1819 43)
712 1777 790 1808 duas
809 1777 1000 1819 partitiones
1021 1776 1128 1816 habet,
1147 1778 1203 1807 aut
1221 1786 1371 1817 πραγμα-

65 1833 160 1864 τικόν
174 1834 206 1864 et
221 1833 370 1864 λεκτικὸν
384 1833 487 1863 τόπον
501 1833 557 1862 aut
576 1831 716 1872 quinque
730 1831 851 1872 partes:
870 1830 1097 1870 inventionem,
1118 1829 1371 1869 collocationem,

157 1934 182 1966 1)
201 1932 244 1959 Ita
262 1932 489 1966 interpretandus
509 1933 551 1958 est
569 1930 816 1957 Wilamowitzius:
837 1930 989 1965 „Dagegen
1003 1930 1041 1956 ist
1058 1930 1108 1956 das
1127 1929 1211 1956 letzte
1227 1929 1304 1955 Buch
1323 1929 1373 1955 der

68 1971 204 1999 Rhetorik
222 1972 259 1998 ad
273 1972 443 1999 Herennium
458 1971 503 1998 ein
518 1971 581 1998 sehr
595 1970 752 1997 wertvoller
766 1970 884 1997 Traktat
898 1970 962 2004 περὶ
975 1969 1080 2002 λέξεως,
1100 1970 1199 1996 dessen
1214 1969 1372 1995 asianische

68 2011 151 2038 Form
169 2020 203 2038 zu
221 2011 275 2038 den
293 2011 490 2046 verstandigen
510 2011 678 2038 Lehrsatzen
693 2011 722 2036 in
741 2010 901 2037 seltsamem
915 2010 1066 2036 Kontraste
1081 2010 1163 2036 steht.
1195 2009 1256 2035 Die
1275 2009 1372 2035 theo-

69 2051 286 2085 phrastische
305 2051 466 2086 Grundlage
480 2051 517 2077 ist
536 2051 608 2077 auch
622 2050 682 2077 hier
701 2050 940 2077 unverkennbastst
968 2049 1063 2076 Herm.
1074 2052 1116 2082 35,
1131 2059 1158 2083 p.
1170 2052 1212 2076 44.
1241 2049 1372 2083 Mayerus

68 2091 99 2118 in
117 2090 241 2126 prolegg.
261 2091 295 2117 de
314 2091 432 2117 Auctore
452 2091 488 2117 ad
506 2091 540 2118 H.
559 2092 644 2118 tacet.

160 2133 186 2164 2)
205 2130 280 2157 Part.
296 2133 359 2157 140:
379 2130 487 2163 „Quare
506 2131 576 2157 haec
594 2130 648 2157 tibi
667 2130 731 2163 sint,
750 2130 790 2156 mi
809 2129 912 2163 Cicero,
932 2138 1003 2163 quae
1023 2129 1147 2164 exposui,
1167 2129 1248 2162 quasi
1267 2128 1373 2154 indicia

69 2170 190 2198 fontium
207 2169 327 2203 illorum,
347 2170 383 2196 ad
402 2179 479 2204 quos,
494 2170 518 2196 si
532 2170 612 2197 nobis
630 2170 732 2196 iisdem
751 2170 868 2197 ducibus
888 2170 984 2196 aliisve
1003 2169 1169 2204 perveneris,
1184 2170 1245 2195 tum
1259 2170 1288 2195 et
1302 2169 1372 2195 haec

69 2210 132 2246 ipsa.
149 2209 249 2237 melius
269 2211 298 2237 et
315 2210 405 2236 multo
423 2211 530 2237 maiora
549 2210 607 2237 alia
626 2212 801 2244 cognosces“.

160 2251 185 2284 3)
204 2250 277 2277 Vide
295 2249 388 2276 Frank
405 2249 467 2277 Joh.
482 2250 639 2277 Merchant:
658 2250 699 2276 De
719 2249 858 2277 Ciceronis
877 2250 975 2276 Partit.
995 2249 1070 2276 Orat.
1090 2249 1164 2276 Diss.
1183 2248 1272 2275 Berol.
1295 2250 1372 2275 1890‘

70 2298 240 2324 quamquam
261 2289 320 2316 eius
340 2290 449 2316 doctam
469 2290 688 2324 disputationem
706 2290 810 2324 ubique
829 2289 947 2324 probare
965 2297 1020 2316 non
1040 2297 1161 2323 possum.

1122 2334 1158 2358 ὅ*
