1566 2592
188 89 231 120 56
779 88 871 124 Caput
884 89 917 116 V.

151 170 156 218 J
188 170 315 212 addieo3
340 170 366 201 is
390 172 489 202 artem
517 181 606 202 suam
632 170 748 209 λέξεως
769 170 1003 213 Theophrastei
1028 171 1164 204 aedificii
1188 172 1290 204 instar
1312 173 1508 214 construxit,

188 223 274 265 quod
289 234 375 255 nunc
390 224 542 265 quoniam
559 223 733 256 miserabili
753 224 820 257 fato
841 225 972 266 corruit,
990 236 1029 256 ex
1044 226 1111 266 illo,
1130 228 1287 267 quantum
1302 226 1372 258 fieri
1386 227 1507 268 potest,

187 277 422 309 restituendum
442 288 511 309 esse
530 288 654 310 censeo.
683 276 740 309 ‘At
759 278 793 310 in
812 289 930 321 magna
947 278 1103 311 librorum
1127 279 1220 321 copia
1242 290 1336 321 saepe
1356 278 1503 312 Ciceroni

187 330 397 362 diffidendum
427 342 495 363 esse
523 331 715 364 didicimus?
754 331 901 364 Concedo
927 343 1030 373 neque
1054 334 1221 374 tantopere
1245 333 1274 364 ei
1300 332 1508 374 confiderem,

186 384 249 416 nisi
270 395 394 426 omnes,
418 395 499 426 quos
518 395 578 417 nos
597 384 702 416 adhuc
722 387 880 427 tenemus,
901 387 1062 427 auctores,
1083 386 1139 428 qui
1158 385 1263 427 λέξιν,
1282 387 1411 419 'tertiam
1430 386 1506 419 dico

187 438 265 470 artis
284 437 463 471 rhetoricae
482 440 621 480 partem,
641 438 786 471 technice
805 441 1036 480 exposuerunt,
1055 439 1095 471 ad
1113 439 1333 472 vadimonium
1353 440 1506 472 conveni-

187 493 271 530 rent,
290 502 357 523 non
376 502 440 533 quo
460 492 594 523 eundem
619 503 746 534 semper
769 503 936 524 numerum
961 492 1148 534 adhibeant,
1172 493 1228 524 sed
1247 493 1323 535 qnia
1341 494 1503 526 rationem

186 547 219 577 et
233 545 373 577 indolem
390 545 548 577 virtutum
570 564 610 568 —-
632 545 717 587 quod
735 546 866 588 gravius
886 548 936 578 est
954 557 1087 578 numero
1108 565 1150 568 —
1169 557 1342 588 earumque
1357 547 1503 579 officium

187 599 220 630 in
239 599 421 631 elocutione
440 599 638 631 instituenda
657 600 878 641 comprobant.
908 599 969 632 Sed
987 600 1175 642 priusquam
1190 611 1371 643 pergamus,
1390 611 1502 633 eorum

185 653 317 685 testium
338 653 590 693 reminiscamur,
609 664 689 694 quos
710 653 773 684 iam
789 653 980 685 audivimus.
1009 653 1051 684 Hi
1072 655 1177 685 autem
1199 656 1287 687 sunt:

345 750 549 783 Aristoteles:
569 750 642 783 Una
661 751 764 783 virtus
785 763 822 783 ex
843 751 992 793 pluribus
1011 751 1158 793 partibus
1177 751 1367 793 composita.

345 804 602 846 Theophrastus:
624 804 785 842 Quattuor
806 805 943 837 virtutes
963 804 1043 846 (Cic.
1059 804 1111 837 Or.
1129 804 1194 847 79).

345 858 459 890 Stoici:
480 857 627 899 Quinque
647 859 782 890 virtutes
801 857 921 902 (Laert.
936 858 1030 901 Diog.
1047 857 1108 890 VII
1123 857 1190 901 59).
1222 886 1226 890 .

345 911 456 944 Cicero
477 911 525 943 De
545 911 597 944 Or.
612 911 674 943 III:
695 911 854 950 Quattuor
875 913 1016 944 virtutes.

273 1001 335 1040 Qui
355 1012 466 1033 omnes
486 1002 549 1033 tria
567 1013 685 1044 genera
704 1001 828 1033 dicendi
849 1013 867 1033 a
886 1002 1060 1034 virtutibus
1080 1002 1192 1043 procul
1211 1001 1341 1034 habent.

272 1063 402 1105 Reliqui
429 1063 592 1096 Ciceronis
616 1064 692 1096 libri
717 1064 869 1096 rhetorici
894 1075 968 1096 vera
990 1065 1216 1106 praeceptione
1241 1064 1358 1103 λέξεως
1383 1068 1505 1097 carent.

183 1117 382 1150 ‘Rhetorica'
406 1129 469 1150 non
490 1120 706 1159 pervenerunt
725 1117 764 1149 ad
783 1117 845 1150 hoc
864 1120 960 1159 caput
979 1119 1072 1160 artis,
1096 1118 1134 1150 de
1153 1118 1246 1150 Bruti
1270 1118 1433 1151 historicis
1454 1118 1501 1150 iu-

183 1171 290 1212 diciis,
316 1171 354 1202 de
381 1171 616 1203 Partitionibus
637 1170 804 1213 oratoriis,
830 1171 868 1203 de
894 1172 1026 1213 propria
1051 1171 1159 1204 indole
1179 1171 1324 1204 Oratoris
1351 1182 1410 1204 suo
1428 1172 1501 1204 loco

182 1224 333 1256 dicemus.
362 1224 430 1256 Iam
449 1227 651 1257 transeamus
671 1225 710 1257 ad
733 1225 975 1265 Quintilianum.

271 1286 463 1325 Quintiliani
483 1287 709 1319 Institutiones
729 1286 896 1320 Oratoriae
920 1288 959 1319 ab
984 1288 1090 1320 indole
1114 1288 1271 1320 librorum
1295 1287 1345 1320 De
1364 1286 1501 1320 Oratore

182 1341 320 1373 maxime
335 1342 457 1373 alienae
473 1343 556 1372 sunt.
583 1340 622 1372 In
636 1341 687 1373 his
703 1340 836 1373 Crassus
852 1341 972 1382 amicis,
992 1342 1047 1383 qui
1063 1342 1124 1373 viri
1138 1341 1387 1384 praeclarissimi
1402 1341 1500 1374 idem-

182 1405 244 1436 que
264 1396 407 1426 oratores
426 1405 492 1426 non
512 1395 654 1436 imperiti
675 1397 759 1436 sunt,
779 1394 987 1427 fundamenta
1006 1395 1171 1427 doctrinae
1190 1395 1352 1437 proponit,
1371 1395 1503 1438 singula

181 1449 250 1490 ipse
269 1448 386 1480 iterum
407 1450 503 1489 atque
523 1449 651 1490 saepius
671 1448 790 1480 fatetur
813 1450 985 1490 praecepta
1008 1460 1042 1480 se
1065 1459 1249 1491 percurrere
1273 1449 1377 1491 magis
1401 1459 1498 1490 quam

181 1501 348 1543 explicare.
377 1500 436 1533 Ille
456 1504 563 1534 autem
584 1502 710 1534 dicendi
730 1502 885 1544 magister
899 1502 1066 1544 discipulis
1081 1503 1159 1534 artis
1175 1502 1328 1534 studiosis
1344 1502 1451 1535 omnia
1465 1501 1500 1534 in

181 1556 462 1600 encyclopaediam
487 1556 661 1587 oratoriam
687 1556 840 1598 colligere
863 1555 985 1596 studet,
1013 1567 1222 1597 quaecunque
1248 1555 1288 1587 ad
1312 1557 1413 1587 artem
1437 1555 1499 1587 dis-

181 1609 312 1641 cendam
336 1609 376 1641 iis
402 1609 475 1640 usui
499 1620 568 1641 esse
592 1611 738 1651 possunt.
777 1608 986 1651 Singulorum
1011 1612 1255 1651 praeceptorum
1281 1609 1374 1650 copia
1396 1609 1501 1641 libros

181 1673 256 1694 suos
275 1663 354 1694 adeo
374 1662 592 1704 amplificavit,
613 1665 649 1694 ut
667 1663 831 1704 κεφάλαια
850 1662 928 1694 artis
944 1662 1007 1695 late
1022 1663 1237 1695 distineantur
1251 1664 1282 1694 et
1302 1673 1422 1704 eorum,
1441 1662 1498 1704 qui

179 1716 302 1758 legunt,
322 1712 421 1747 animi
442 1715 536 1748 facile
556 1717 590 1748 in
610 1716 747 1758 singulis
766 1716 930 1758 haereant,
951 1716 1160 1748 fundamenta
1179 1716 1419 1748 obliviscantur.
1447 1715 1497 1747 Eo

181 1769 283 1812 magis
304 1780 363 1801 nos
383 1769 537 1801 debemus
556 1770 720 1801 attendere
740 1769 779 1800 ad
799 1770 903 1811 ipsam
928 1770 1006 1801 artis
1031 1769 1256 1802 describendae
1279 1769 1439 1801 rationem
1464 1770 1497 1801 et

150 1849 157 1869 ¹.
180 1823 335 1865 ordinem,
354 1834 458 1864 neque
477 1823 582 1865 fugiet
602 1834 805 1864 quemquam,
825 1823 880 1864 qui
900 1825 1021 1855 attente
1040 1823 1136 1864 leget,
1155 1822 1288 1854 eandem
1308 1821 1424 1861 λέξεως
1445 1822 1496 1854 de-

155 1879 157 1898 *
179 1877 387 1918 scriptionem
408 1877 493 1918 apud
512 1876 651 1908 Fabium
670 1876 821 1917 inveniri,
845 1887 941 1917 quam
965 1876 1147 1908 invenimus
1170 1876 1203 1908 in
1224 1875 1388 1908 Ciceronis
1411 1875 1497 1908 libro

150 1959 152 1963 .
179 1930 227 1962 De
248 1929 300 1961 Or.
321 1929 378 1971 III,
398 1941 496 1971 quam
515 1929 731 1971 Theophrasti
751 1941 820 1962 esse
839 1941 878 1961 ex
898 1929 1032 1962 Oratore
1052 1929 1273 1972 cognovimus.

269 1992 347 2023 Plus
366 1995 431 2024 tres
450 1992 551 2024 libros
567 1991 786 2030 Quintilianus
805 1992 978 2024 elocutioni
999 1991 1167 2033 concessit,
1186 1994 1345 2034 octavum,
1364 2003 1498 2034 nonum,

179 2046 352 2087 decimum,
376 2046 537 2078 undecimi
561 2045 699 2077 initium.
728 2045 839 2087 Ipsum
859 2045 1027 2077 audiamus
1046 2045 1130 2077 hanc
1149 2046 1226 2077 artis
1245 2048 1368 2087 partem
1390 2045 1424 2077 in
1447 2057 1495 2078 ca·

178 2100 247 2141 pita
262 2100 447 2131 summatim
465 2099 711 2131 distribuentem
726 2098 807 2131 VIII
825 2099 852 2138 l,
865 2099 898 2131 l:
922 2098 1123 2142 ‚,(Elocuti0)
1139 2102 1303 2140 spectatur
1318 2099 1424 2131 verbis
1437 2101 1495 2131 aut

136 2150 141 2163 *
178 2153 314 2196 singulis
334 2155 390 2184 aut
409 2153 597 2184 coniunctis.
636 2153 669 2184 in
689 2153 826 2194 singulis
847 2152 1036 2184 intuendum
1057 2154 1119 2194 est,
1137 2155 1174 2184 ut
1194 2153 1259 2184 sint
1278 2152 1406 2192 Latina,
1425 2163 1494 2194 per-

178 2206 298 2248 spicua,
318 2209 440 2248 ornata,
459 2207 499 2238 ad
513 2206 555 2248 id,
570 2206 655 2248 quod
671 2206 798 2239 efficere
812 2207 970 2246 volumus,
986 2206 1238 2238 accommodata:
1256 2206 1289 2237 in
1304 2205 1496 2247 coniunctis,

177 2262 213 2291 ut
233 2261 409 2302 emendata,
427 2263 464 2292 ut
482 2260 570 2303 (apte
585 2260 688 2292 addid.
701 2251 818 2301 Christ,
833 2260 918 2301 quod
933 2271 999 2291 non
1013 2261 1062 2291 est
1077 2258 1308 2302 necessarium)
1328 2260 1497 2300 collocata,
