1566 2592
201 163 245 194 34
783 162 876 198 Caput
893 163 939 190 111.

268 258 269 261 ¹
290 244 399 276 Habes
422 244 562 277 indolem
587 244 676 285 libri,
700 255 782 286 quae
804 244 900 277 nobis
921 244 962 276 ad
985 244 1157 277 historiam
1180 245 1374 277 elocutionis
1401 256 1519 289 cogno-

201 298 349 330 scendam
365 298 555 341 gravissima
573 300 631 330 est.
660 297 774 331 Totins
794 298 910 337 λέξεως
927 298 1173 330 fundamentum
1193 300 1242 330 est
1256 298 1402 331 doctrina
1421 299 1520 332 unius

201 352 340 393 virtutis,
360 363 441 393 quae
459 351 522 384 toti
542 351 761 393 praeceptioni
780 351 899 383 subest.

290 404 353 437 Sed
368 405 556 448 priusquam
571 404 611 436 ab
624 404 801 437 Aristotele
816 404 1026 446 discedamus,
1040 405 1321 437 commemoranda
1336 408 1385 438 est
1394 405 1519 448 Mayeri

201 459 370 500 sententia,
389 469 486 500 quam
506 458 540 490 in
554 458 753 500 praefatione
768 459 1023 501 fragmentorum
1039 458 1078 490 de
1093 458 1280 491 Aristotelis
1294 459 1378 491 libro
1393 458 1441 491 III
1455 458 1518 492 Rh.

200 513 360 555 exposuit,
378 523 443 544 non
464 512 610 555 ignarus,
633 514 789 554 quantum
810 513 964 555 magister
983 512 1022 544 ad
1041 511 1301 554 Theophrastum
1321 512 1518 555 discipulum

200 566 452 610 intellegendum
484 565 606 597 valeret
634 565 772 608 (Mayerz
800 565 950 608 Prolegg.
965 577 994 607 p.
1009 565 1072 597 XV
1082 565 1175 609 sqq).
1210 565 1328 598 Decem
1357 567 1516 598 virtutum

201 620 315 652 seriem
342 620 489 662 collegit,
516 631 595 661 quas
619 619 829 651 Aristotelem
855 620 1042 651 tractavisse
1066 621 1167 661 putat.
1201 619 1271 652 Hae
1294 621 1402 652 autem
1426 622 1516 652 sunt:

200 673 396 715 ἑλληνισμός
411 675 575 715 σαφήνεια
590 675 752 715 συντομία
766 673 895 714 πρέπον
909 674 1096 714 πιθανότης
1114 673 1224 711 πάθος
1242 673 1403 715 ήθοποιΐα
1420 672 1517 715 ἐνάρ-

199 739 272 769 γεια
291 727 355 769 ἡδύ
374 727 628 769 μεγαλοπρεπές.
659 726 781 758 Revera
802 726 935 758 nomina
958 726 1087 767 quidem
1112 727 1145 758 in
1164 726 1351 759 Aristotelis
1374 726 1517 769 disputa-

199 781 288 813 tione
303 780 512 812 inveniuntur
527 780 644 822 omnia,
659 780 714 812 sed
729 791 931 821 nequaquam
947 780 1082 811 virtutes
1097 782 1172 811 sunt
1186 779 1388 812 elocutionis.
1410 778 1516 812 Immo

200 846 276 866 vero
296 834 470 866 nonnullae
490 834 585 865 modo
600 844 666 865 non
684 836 976 865 commemorantur
989 833 1078 864 velut
1092 832 1356 875 μεγαλοπρέπεια
1369 835 1403 866 et
1415 836 1518 866 πιθα-

199 890 304 929 νότης.
330 886 504 928 Ἐνάργεια
531 898 691 928 nusquam
720 886 818 927 ἀρετή
847 889 992 926 vocatur,
1021 886 1182 927 ἠθοποιΐα
1210 889 1242 918 et
1269 887 1380 925 πάθος
1407 889 1519 929 partes

199 943 276 973 sunt
299 941 497 982 πρέποντος,
522 951 603 982 quae
627 951 690 981 qua
714 941 839 972 ratione
864 940 972 972 omnia
995 951 1066 972 cum
1092 940 1322 982 perspicuitate
1346 941 1518 973 coniuncta

199 996 266 1027 sint
281 995 320 1026 ab
336 994 522 1035 Aristotele,
541 1005 581 1026 ex
595 994 646 1035 iis,
665 1005 746 1035 quae
761 1005 858 1035 supra
875 993 1024 1034 diximus,
1043 994 1123 1025 satis
1138 993 1375 1036 intellegitur.¹)
1403 993 1520 1036 Itaque

158 1064 160 1076 ι
199 1061 218 1080 a
240 1049 330 1080 varia
354 1048 510 1080 virtutum
536 1047 693 1079 divisione
722 1047 936 1089 philosophus
965 1047 1058 1079 nobis
1087 1047 1303 1080 defendendus
1331 1049 1394 1090 est,
1420 1058 1462 1080 ne
1483 1048 1520 1080 et

199 1104 267 1144 ipse
286 1102 369 1134 falso
389 1102 567 1143 explicetur
585 1103 617 1132 et
636 1101 793 1132 virtutum
813 1099 939 1131 dicendi
958 1099 1091 1132 historia
1114 1100 1154 1131 ab
1179 1100 1272 1131 initio
1295 1101 1328 1132 et
1351 1101 1444 1142 quasi
1467 1111 1519 1133 ran

199 1156 269 1189 dice
289 1156 371 1187 falso
391 1155 575 1187 deducatur.

291 1209 353 1242 Sed
377 1209 439 1241 hoc
462 1208 630 1250 Mayerum
656 1207 850 1240 concessisse
874 1207 1013 1239 libenter
1035 1207 1155 1239 adnoto
1179 1206 1387 1239 Aristotelem
1406 1206 1519 1248 »ἰδέας

200 1263 274 1307 (nos
293 1262 503 1295 Aristotelem
523 1262 623 1294 secuti
645 1262 781 1293 dicimus
806 1260 939 1304 ἀρετήν)
965 1261 1066 1293 totius
1090 1260 1192 1292 libelli
1215 1261 1290 1302 περὶ
1309 1259 1425 1299 λέξεως
1443 1259 1518 1292 fun·

199 1318 384 1349 damentum
404 1315 567 1358 posuisse“
586 1315 630 1358 (p.
646 1314 780 1358 XVIII).

288 1370 480 1402 Aristoteles
499 1368 715 1411 philosophus
735 1368 834 1400 animi
854 1368 987 1400 humani
1007 1368 1115 1400 indole
1135 1370 1231 1409 atque
1245 1369 1360 1399 natura
1374 1377 1516 1400 commo-

198 1427 251 1456 tus
275 1426 336 1465 est,
359 1426 397 1455 ut
421 1424 578 1455 unitatem
603 1422 734 1454 virtutis
759 1422 951 1460 defenderet.
984 1421 1034 1453 Ex
1057 1421 1162 1453 causis
1186 1421 1284 1462 enim,
1310 1431 1390 1463 quas
1413 1420 1516 1463 affert,

201 1478 410 1521 cognoscitur
429 1488 501 1509 eum
522 1487 586 1508 non
605 1476 644 1508 ad
660 1478 830 1514 oratorem,
849 1476 904 1517 qui
925 1476 1103 1508 orationem
1125 1474 1363 1517 compositurus
1377 1476 1435 1516 est,
1449 1474 1516 1506 ani-

199 1543 287 1563 mum
305 1531 489 1572 attendisse,
510 1530 565 1562 sed
584 1530 623 1561 ad
644 1530 799 1561 orationis
816 1530 879 1561 iam
895 1529 1093 1571 compositae
1108 1529 1173 1560 vim
1190 1528 1331 1570 quidque
1350 1528 1383 1560 in
1398 1527 1518 1560 animis

201 1596 321 1626 eoru-m,
341 1585 397 1626 qui
417 1584 562 1624 audiunt,
582 1583 730 1615 efficeret.
759 1582 796 1614 In
817 1583 1038 1624 componenda
1057 1584 1165 1614 autem
1181 1582 1326 1614 oratione
1340 1581 1410 1612 fieri
1423 1580 1519 1622 solet,

199 1641 236 1670 ut
254 1639 390 1670 materia
409 1636 573 1670 dividatur
592 1637 625 1669 in
644 1639 751 1679 partes
770 1636 859 1668 velut
883 1637 988 1678 pictor
1011 1647 1049 1668 ex
1074 1636 1209 1668 diversis
1232 1634 1394 1668 coloribus
1417 1644 1515 1667 unam

201 1692 329 1734 effingit
344 1692 527 1733 imaginem.
551 1690 674 1722 Eadem
690 1690 815 1722 ratione
831 1690 956 1721 dicendi
972 1689 1136 1721 studiosus
1146 1689 1298 1720 virtutem
1314 1686 1516 1728 elocutionis,

201 1746 262 1778 etsi
282 1746 316 1777 in
336 1745 452 1777 animis
473 1756 592 1786 eorum,
613 1745 668 1786 qui
688 1744 862 1786 perfectam
882 1743 1018 1775 audiunt
1037 1743 1230 1784 orationem,
1249 1752 1314 1774 una
1331 1751 1400 1779 esse
1418 1740 1517 1773 debet

290 1822 314 1854 1)
334 1820 377 1847 Ne
396 1828 460 1846 vero
485 1819 582 1845 credas
602 1819 746 1852 Mayerum
767 1817 927 1844 Aristotelis
952 1818 1090 1844 rationem
1115 1816 1228 1843 omnino
1251 1824 1307 1842 non
1330 1814 1517 1850 perspexisse,

198 1861 287 1895 ipsius
311 1860 398 1887 verba
421 1859 474 1885 tibi
499 1858 597 1886 affero:
623 1860 715 1891 „Ante
739 1858 834 1884 omnia
857 1857 1003 1884 fatendum
1028 1857 1108 1883 nobis
1133 1859 1176 1884 est
1194 1855 1374 1883 Aristotelem
1397 1863 1454 1882 non
1477 1854 1516 1882 de

199 1900 293 1927 ‘ideis'
321 1899 398 1934 loqui
425 1900 473 1926 sed
501 1899 535 1925 de
563 1898 740 1925 ‘virtutibus’
767 1899 878 1924 tantum
904 1898 1024 1931 Caluam
1043 1896 1163 1931 ugemg’)
1188 1904 1280 1930 neque
1303 1895 1339 1923 de
1361 1894 1515 1922 virtutibus

198 1940 313 1974 quidem
333 1940 470 1974 pluribus,
490 1940 539 1965 sed
555 1955 587 1959 —
604 1939 627 1965 si
648 1938 736 1972 ipsius
757 1938 841 1964 verba
859 1946 986 1972 premere
1005 1937 1132 1964 volumus
1147 1952 1181 1956 —
1196 1945 1282 1963 unam
1301 1935 1390 1963 solam
1407 1933 1515 1967 ’λέξεως

198 1980 311 2014 ἀρετήν’
332 1987 556 2006 commemorare.
578 1998 602 2005 ..
614 1999 635 2006 ..
657 1978 712 2005 Sed
731 1977 799 2012 quid
819 1978 932 2004 omnino
951 1977 1077 2009 interest,
1096 1978 1190 2003 utrum
1208 1976 1319 2003 dicatur
1333 1974 1431 2008 λέξεως
1449 1975 1514 2007 ἀρε-

197 2020 248 2054 τήν
267 2020 402 2047 constitui
422 2019 638 2054 perspicuitate,
658 2020 772 2050 ornatu,
792 2026 894 2051 eoque,
913 2017 989 2052 quod
1009 2017 1102 2048 decet,
1121 2025 1172 2043 an:
1201 2015 1298 2048 λέξεως
1317 2023 1377 2043 esse
1394 2015 1517 2042 virtutes

198 2060 364 2094 complures,
384 2060 411 2087 h.
427 2068 449 2086 e.
470 2059 501 2086 τὸ
521 2059 615 2093 σαφές,
637 2059 686 2086 τὸν
705 2057 820 2092 κόσμον,
838 2058 870 2085 τὸ
889 2057 1032 2090 nervove*
1051 2057 1167 2091 (Mayer.
1182 2056 1309 2091 prolegg.
1325 2055 1395 2089 XV).
1423 2054 1514 2082 Pluri-

198 2110 283 2134 mum,
303 2101 411 2135 opinor,
431 2101 566 2127 interesse
586 2099 678 2133 quivis
699 2098 889 2132 respondebit,
908 2098 957 2132 qui
976 2097 1087 2129 viderit,
1106 2099 1279 2131 quantopere
1299 2095 1515 2131 simplicitatem

198 2141 310 2167 virtutis
338 2140 521 2174 philosophus
548 2139 688 2166 studuerit
714 2139 885 2165 confirmare.
923 2138 1014 2164 Etiam
1041 2137 1070 2163 in
1095 2137 1188 2163 verbis
1213 2136 1358 2163 mutandis
1381 2135 1516 2170 Mayerus

198 2181 287 2208 multo
311 2181 451 2207 licentius.
484 2180 528 2206 Ita
551 2189 577 2214 p.
594 2179 643 2206 XV
668 2179 772 2205 iniuria
796 2178 937 2213 supplevit
963 2177 1042 2204 ‘lenda
1061 2177 1292 2211 κεκοσμημένην’,
1321 2178 1420 2211 atque¹
1448 2182 1512 2202 cun

198 2222 364 2248 Aristoteles
384 2229 413 2247 se
432 2221 525 2255 ipsum
544 2220 604 2246 sine
623 2219 673 2246 illo
694 2218 889 2253 supplemento
908 2219 1060 2252 repeteret,
1085 2218 1170 2244 etiam
1196 2217 1315 2243 alterum
1339 2216 1432 2244 locum
1449 2223 1512 2242 mu-

198 2262 268 2288 tavit
292 2261 452 2295 (p.XV111).
487 2260 564 2292 Quae
588 2261 632 2287 est
655 2259 706 2286 illa
729 2259 802 2285 ratio
826 2259 942 2285 critica?
974 2258 1041 2284 'l'ria
1064 2258 1165 2284 statuit
1188 2257 1367 2290 Aristoteles,
1393 2263 1512 2290 quorum

198 2302 254 2328 duo
274 2303 340 2328 sunt
359 2302 490 2334 extrema,
509 2300 632 2328 medium
653 2301 749 2326 autem
768 2300 811 2326 est
829 2298 944 2332 πρέπον.
975 2297 1028 2330 Qui
1048 2299 1183 2331 quattuor
1197 2297 1262 2324 inde
1276 2297 1355 2330 facit,
1374 2295 1513 2323 rationem

196 2351 251 2368 non
271 2341 422 2376 intellegit.
451 2341 491 2368 De
512 2341 611 2367 addito
630 2339 694 2366 λίαν
712 2342 748 2374 (p.
766 2339 837 2372 XVI,
854 2342 878 2373 1)
899 2339 933 2365 cf.
954 2338 1027 2364 infra
1046 2347 1073 2372 p.
1090 2340 1131 2364 39.
