1566 2592
244 149 285 176 De
303 148 438 175 virtutum
457 146 569 174 dicendi
588 146 618 172 111
637 145 748 179 scriptis
767 143 871 171 criticis
890 152 943 170 usu
962 143 1046 176 atque
1065 141 1181 168 ratione.
1332 139 1375 170 87

158 230 219 263 His
239 229 361 262 duabus
381 230 512 260 ornatus
530 227 690 269 partibus,
708 223 952 266 μεγαλοπρεπές
970 226 1002 255 et
1021 223 1095 265 ἡδύ,
1116 221 1226 254 Cicero
1246 223 1377 253 conten-

65 288 122 318 tus
141 287 198 325 est,
216 284 268 315 vel
280 282 394 323 tribus,
413 282 440 313 si
454 281 519 312 vim
533 277 745 322 (δεινότητα),
764 289 859 319 quam
875 277 943 318 ipse
958 276 1148 318 plerumque
1163 286 1236 308 cum
1254 274 1378 317 magni-

68 330 200 370 ficentia
213 335 388 378 coniungit,
402 334 531 376 proprie
546 343 703 364 numeras.
723 331 841 363 Tamen
852 330 953 361 isdem
965 329 1068 361 tribus
1084 328 1244 370 capitibus
1259 327 1378 359 iterum

67 394 166 433 atque
185 389 311 431 saepius
329 387 474 429 repetitis
494 386 668 428 defatigare
686 395 753 417 non
770 383 878 426 potuit
896 394 959 424 eos,
979 382 1034 424 qui
1054 381 1172 414 iudicia
1191 381 1229 413 de
1245 381 1378 412 oratori-

69 444 131 476 bus
149 442 363 485 perlegebant.
382 440 470 478 Quae
489 442 538 472 est
556 439 623 471 eius
643 437 787 470 variandi
805 436 910 468 ratio‘?
929 435 1005 467 Non
1019 435 1097 466 dicit
1111 434 1243 476 ubique:
1263 434 1316 466 hic
1330 435 1379 465 est

67 499 213 538 ornatus,
231 496 284 527 hic
302 494 492 536 magnificus
497 518 506 534 ‚
526 493 580 524 hic
598 491 715 532 suavis,
733 490 787 522 hic
805 490 986 529 vehemens,
1005 488 1061 520 sed
1079 488 1225 530 partibus
1246 489 1378 519 ornatus

67 549 318 592 Theophrasteis
342 548 457 589 utitur,
481 549 518 578 ut
537 545 697 586 ostendat,
721 543 825 586 qualis
846 543 981 585 quisque
1000 542 1099 573 fuerit
1117 542 1151 573 in
1170 540 1326 583 eligendis
1347 542 1379 572 et

69 602 299 646 componendis
314 601 428 642 verbis,
448 599 552 642 qualis
566 599 600 631 in
614 598 728 641 figuris
743 597 890 640 (Dionys.
905 595 946 627 H.
961 595 999 627 de
1014 594 1111 627 Isocr.
1126 605 1150 626 c.
1163 594 1183 626 3
1199 593 1291 636 init).
1315 593 1379 626 Sed

68 657 170 689 etiam
188 656 274 698 apud
292 655 435 687 Tullium
454 653 532 685 haec
550 653 683 695 partitio
702 650 877 683 virtutibus
897 649 1110 691 subiungitur.

629 750 820 791 Σχήματα.

162 816 214 848 Br.
229 817 271 848 69
291 814 406 847 Omari
425 814 602 845 orationem
622 811 734 844 Graeci
756 812 885 852 putant,
908 810 936 841 si
954 809 1124 841 verborum
1148 808 1382 840 immutationi-

69 871 133 903 bus
152 871 298 909 utantur,
316 879 396 909 quos
415 867 581 908 appellant
598 866 756 907 τρόπους,
781 866 812 896 et
832 863 1061 895 sententiarum
1081 861 1300 903 orationisque
1318 861 1382 893 for-

74 924 148 965 mis,
166 933 246 964 quae
266 923 383 954 vocant
401 922 555 962 σχήματα.

162 976 215 1008 Br.
233 976 293 1007 141
316 975 473 1017 Σχήματα
492 973 586 1014 enim,
605 983 686 1013 quae
701 972 816 1003 vocant
832 970 955 1011 Graeci,
975 980 1011 1001 ea
1026 969 1164 1001 maxime
1179 970 1295 1001 ornant
1313 979 1383 1001 ora-

72 1030 207 1062 tionem.

621 1078 756 1111 Σύνθε
763 1085 800 1109 σι
808 1089 831 1115 ς.

163 1144 215 1176 Br.
232 1144 273 1176 96
293 1142 364 1174 Hoc
387 1142 421 1174 in
444 1143 570 1173 oratore
588 1140 704 1172 Latino
729 1140 870 1181 primum
894 1139 974 1170 mihi
999 1138 1125 1171 videtur
1149 1140 1181 1170 et
1204 1138 1312 1170 levitas
1330 1149 1384 1179 ap-

71 1197 219 1240 paruisse
238 1197 294 1228 illa
313 1195 504 1228 Graecorum
524 1196 556 1226 et
574 1194 733 1226 verborum
751 1193 984 1234 comprehensio.

642 1291 811 1333 Ἐκλογή.

165 1357 219 1389 Br.
234 1357 299 1389 250
318 1354 517 1399 (Marcellus)
537 1357 569 1386 et
587 1355 671 1386 lectis
688 1354 792 1385 utitur
810 1353 915 1385 verbis
935 1354 967 1384 et
985 1352 1218 1393 frequentibus.

165 1410 219 1442 Br.
235 1410 299 1442 272
319 1408 367 1452 (C.
383 1408 473 1451 Piso)
493 1410 624 1449 eratque
639 1407 809 1439 verborum
829 1408 860 1438 et
880 1406 1020 1438 delectus
1040 1405 1168 1448 elegans
1186 1404 1333 1448 (ἐκλογή)
1353 1407 1386 1437 et

75 1465 154 1505 apta
173 1466 205 1495 et
224 1463 315 1505 quasi
334 1462 472 1494 rotunda
491 1461 686 1493 constructio
706 1459 906 1503 (σύνθεσις).

166 1516 219 1548 Β1·.
234 1516 299 1548 303
318 1514 540 1559 (Hortensius)
560 1516 628 1546 erat
646 1515 680 1546 in
698 1514 870 1545 verborum
889 1512 1058 1554 splendore
1077 1513 1205 1554 elegans
1228 1510 1388 1555 (ἐκλογή),

75 1570 312 1611 compositione
331 1571 424 1610 aptus
445 1566 643 1611 (σύνθεσις).

167 1622 288 1665 Aperte
306 1622 384 1654 haee
403 1621 486 1653 ratio
501 1621 708 1663 cognoscitur
721 1621 755 1652 in
770 1620 888 1652 iudicio
903 1620 942 1652 de
956 1619 1101 1651 Antonio
1118 1618 1265 1660 pluribus
1280 1618 1387 1650 verbis

76 1676 243 1708 elaborato
266 1675 329 1707 140
339 1687 384 1716 sq.
412 1674 570 1706 Latinitas
589 1675 658 1706 eius
676 1685 741 1706 non
763 1673 850 1705 omni
873 1684 1007 1705 numero
1031 1672 1180 1704 absoluta
1203 1674 1259 1703 est.
1288 1671 1388 1703 Orna-

77 1732 132 1762 tus
152 1731 270 1770 autem,
289 1739 352 1770 quo
371 1729 508 1760 maxime
528 1727 665 1770 excellit,
684 1727 861 1758 laudandus
881 1729 913 1758 et
932 1726 972 1757 ad
991 1728 1092 1758 artem
1106 1725 1285 1767 perpolitus
1300 1724 1387 1768 est.¹)

77 1782 162 1826 „Sed
181 1785 289 1814 tamen
303 1781 464 1814 Antonius
483 1781 518 1813 111
536 1780 641 1812 verbis
662 1783 693 1812 et
712 1780 867 1822 eligendis
887 1778 1034 1822 (ἐκλογή)
1050 1803 1057 1811 .
1073 1805 1079 1811 .
1094 1804 1100 1810 .
1117 1804 1123 1810 .
1143 1780 1174 1810 et
1193 1778 1388 1811 collocandis

79 1838 112 1868 et
138 1836 422 1878 comprehensione
448 1834 663 1866 devinciendis
689 1832 878 1876 (σύνθεσις)
903 1832 988 1864 nihil
1011 1843 1077 1864 non
1103 1832 1142 1863 ad
1170 1832 1327 1864 rationem
1356 1834 1390 1863 et

79 1891 243 1931 tamquam
263 1889 303 1920 ad
322 1890 423 1920 artem
442 1887 613 1930 dirigebat3
634 1898 744 1919 verum
768 1887 871 1918 multo
895 1886 998 1928 magis
1023 1885 1084 1918 hoc
1107 1885 1190 1917 idem
1211 1885 1244 1916 in
1264 1887 1388 1917 senten-

78 1943 198 1975 tiarum
218 1942 413 1974 ornamentis
433 1943 465 1973 et
484 1939 810 1974 conformationibus“
830 1938 1014 1982 (σχήματα).
1043 1938 1140 1977 Λέξις
1158 1939 1272 1980 igitur,
1291 1950 1388 1980 quam

54 2007 58 2012 ·
82 1995 274 2037 quaerimuS‚
292 1995 327 2027 in
341 1995 434 2026 Bruti
449 1994 589 2026 Tulliani
604 1993 729 2025 iudiciis
749 1993 851 2025 divisa
870 1995 918 2024 est
938 1993 972 2024 in
990 1992 1109 2032 laudes,
1128 2003 1206 2033 quas
1223 2003 1240 2024 e
1255 1992 1388 2024 diversis

79 2049 238 2090 exemplis
267 2048 455 2090 collegimus
482 2047 555 2079 has:
584 2047 806 2088 Latinitatem,
834 2046 1026 2088 elegantiam
1052 2057 1124 2077 cum
1151 2046 1389 2087 perspicuitate,

81 2100 345 2145 (brevitatem)²),
365 2101 523 2142 decorum,
543 2102 691 2132 ornatum
711 2110 782 2131 cum
802 2100 948 2141 partibus
968 2099 1224 2142 magnificentiae
1239 2101 1270 2130 et
1286 2099 1390 2131 suavi-

174 2195 200 2228 1)
218 2193 394 2220 Constructio
414 2192 559 2220 verborum
577 2192 665 2224 1huius
689 2191 743 2218 loci
761 2190 930 2225 παρενθέσει
949 2191 1064 2225 paulum
1084 2191 1220 2217 distracta
1238 2192 1288 2218 est.
1319 2190 1391 2224 „Illa

81 2234 203 2269 (scilicet
220 2234 324 2267 verba),
345 2241 418 2266 quae
440 2233 552 2267 proprie
570 2233 632 2259 laus
656 2231 773 2258 oratoris
792 2233 835 2258 est
852 2232 882 2258 in
901 2231 1010 2258 verbis“
1034 2230 1153 2265 (scilicet
1172 2232 1309 2265 ornatus),
1333 2239 1390 2264 qua

82 2274 120 2301 de
138 2274 222 2300 laude
242 2274 333 2300 denuo
352 2273 453 2306 incipit
471 2274 534 2307 post
552 2272 724 2306 παρένθεσιν
743 2280 807 2298 cum
826 2272 930 2298 verbis:
951 2271 1024 2304 „Sed
1043 2272 1138 2297 tamen
1150 2292 1154 2297 .
1167 2291 1172 2297 .
1184 2291 1190 2297 .
1203 2274 1227 2297 .“

175 2315 201 2348 2)
220 2314 304 2340 Uncis
323 2312 494 2339 includenda
513 2314 555 2339 est
573 2312 642 2339 haec
660 2311 747 2338 virtus
766 2312 881 2346 propter
899 2311 943 2337 Br.
965 2314 1006 2338 50.
