1566 2592
355 131 396 158 De
416 131 551 157 virtutum
570 129 683 156 dicendi
703 138 765 156 cum
785 129 934 164 genetibus
954 130 1124 157 confusione.
1334 130 1401 161 125

90 214 161 256 ipsa
189 213 412 246 contradicere.
447 211 550 243 Certe!
580 211 606 242 si
635 211 743 243 omnia
771 211 928 242 audimus.
961 211 1006 242 At
1030 211 1187 252 Dionysio
1216 211 1271 242 uni
1301 211 1404 242 nimis-

89 267 202 305 confisi
223 269 306 307 sunt,
325 266 466 306 reliquos
485 266 597 303 testes,
619 265 675 305 qui
693 264 795 295 rarius
814 275 931 295 nomen
951 264 1166 306 Theophrasti
1186 265 1333 305 afferunt,
1351 264 1398 295 ni-

87 321 151 352 mis
169 320 386 362 neglexerunt.
414 317 484 355 Quo
509 318 560 358 fit,
584 319 620 348 ut
643 317 727 348 idem
751 317 898 348 videatur
921 317 999 348 mihi
1025 318 1150 359 perpeti
1169 320 1278 349 noster
1296 317 1399 349 Theo-

86 374 247 416 phrastus,
267 382 330 414 quo
349 371 435 402 malo
455 371 560 402 omnis
579 371 657 402 artis
676 370 854 402 rhetoricae
868 371 1023 402 memoria
1038 371 1173 402 laborat.
1202 371 1397 402 Recentibus

87 426 271 459 rhetoribus
291 436 382 456 aures
401 425 591 466 praebemus
607 426 638 455 et
652 423 820 464 rationem,
840 435 935 464 quam
954 424 978 455 ii
997 424 1121 464 docent,
1140 424 1323 465 accipimus,
1343 424 1398 455 sed

89 480 310 512 obliviscimur
329 478 494 519 complura
514 477 640 509 saecula
658 478 721 508 iam
742 477 781 508 ad
803 478 905 508 artem
928 477 1129 508 formandam
1154 488 1222 508 esse
1247 479 1320 508 ante
1343 488 1404 508 eos·

89 534 279 574 consumpta
297 534 329 563 et
348 533 506 572 recentes,
525 541 606 572 quos
626 541 685 561 nos
705 530 864 571 audimus,
888 541 963 561 suos
982 530 1151 562 thesauros
1170 541 1235 561 non
1256 530 1359 561 solum
1380 541 1399 561 a

87 586 234 628 patribus
261 585 317 617 sed
342 586 381 617 ab
408 584 476 617 avis
502 587 534 616 et
560 584 688 625 proavis
714 585 783 615 iure
806 583 1000 615 hereditario
1025 584 1192 625 accepisse.
1223 583 1267 615 Ut
1286 594 1397 615 verum

87 639 262 679 videamus,
276 637 403 680 singula
416 639 587 679 praecepta
601 637 753 668 debemus
767 636 927 678 persequi,
941 637 997 668 ubi
1013 639 1083 669 orta
1098 638 1172 678 sint,
1187 648 1250 678 qua
1264 637 1398 678 ratione,

89 692 179 724 cuius
195 703 290 734 opera
304 703 361 733 per
373 702 472 723 annos
487 693 623 722 mutata:
639 692 708 722 tum
723 691 851 722 demum
866 690 1035 722 historiam
1052 690 1284 732 intellegemus.
1306 690 1399 722 Certe

88 757 155 778 11011
174 746 290 777 desunt
308 746 342 776 111
360 745 477 776 litteris
496 743 674 784 rhetoricis,
694 743 749 785 qui
770 754 806 775 ea
824 743 950 775 ratione
969 744 1019 774 usi
1039 744 1111 775 sint.
1141 743 1203 775 Sed
1219 744 1286 775 eius
1301 744 1399 775 ratio-

86 800 147 840 nis,
162 810 257 840 quam
272 798 457 830 historicam
471 797 567 829 liceat
581 797 750 838 appellare,
765 796 914 838 Mayerus
930 797 963 828 in
978 796 1192 838 Theophrasti
1207 796 1398 838 fragmentis

87 852 276 894 colligendis
295 851 390 893 plane
410 861 522 892 expers
543 850 652 882 omnia
671 850 892 891 comportavit,
913 861 994 891 quae
1014 861 1157 891 unquam
1180 852 1254 881 ante
1274 850 1399 887 Quinti-

86 905 208 937 lianum
236 905 274 937 de
300 905 480 936 elocutione
506 906 676 945 praecepta
701 906 784 935 sunt.
820 904 953 945 Accipe,
984 914 1115 945 quaeSO,
1146 904 1214 935 eius
1242 904 1399 935 rationem

88 957 134 1002 (p.
148 958 208 990 XX
222 957 396 1001 prolegg.):
415 957 598 999 „Adnotare
618 958 722 998 placet
742 959 927 999 excerptum
943 956 1221 998 Theophrasteum
1241 968 1260 987 a
1274 956 1399 994 Quinti-

86 1012 174 1044 liano
194 1011 372 1043 exhibitum
391 1011 424 1042 id
444 1011 602 1052 supplere,
622 1010 707 1052 quod
725 1009 834 1042 Cicero
855 1010 889 1041 in
904 1009 1063 1041 ‘Oratore'
1083 1011 1230 1042 servavit.
1258 1009 1343 1041 Nam
1363 1012 1400 1042 ut

87 1064 246 1096 Demetrii
264 1064 347 1095 liber
361 1075 398 1095 eo
414 1064 484 1105 ipso
498 1064 571 1095 loco
587 1064 709 1105 incipit,
728 1064 784 1095 ubi
800 1062 962 1095 Ciceronis
978 1063 1120 1095 ‘Orator’
1136 1075 1193 1095 nos
1209 1064 1317 1095 deficit
1333 1089 1339 1095 .
1356 1090 1361 1095 .
1378 1088 1400 1105 .‚

88 1119 134 1150 ita
159 1117 377 1156 Quintilianus
403 1118 536 1149 alteram
563 1117 710 1148 lacunam
738 1116 937 1149 Ciceroniani
963 1117 1102 1158 excerpti
1131 1117 1299 1158 complet.“
1336 1116 1399 1154 Qui

89 1171 189 1203 libros
209 1171 316 1202 indole
336 1173 367 1202 et
386 1173 500 1202 natura
519 1170 597 1202 adeo
618 1171 761 1202 diversos
781 1180 911 1201 securus
931 1171 1067 1211 consuit,
1087 1181 1159 1202 eum
1175 1170 1404 1211 Theophrasto·

89 1225 314 1256 vestimentum
336 1223 467 1256 induere
487 1223 648 1255 coloribus
668 1223 806 1255 maxime
825 1223 922 1254 variis
941 1225 1078 1265 pictum,
1101 1223 1232 1255 comicis
1252 1223 1400 1264 personis

89 1277 360 1310 accommodatius
385 1288 481 1318 quam
506 1276 701 1318 philosopho
727 1279 976 1309 consentaneum
1001 1279 1057 1308 est.
1093 1277 1269 1318 Postquam
1293 1277 1403 1308 denuo<

88 1331 246 1363 affirmavi
271 1331 433 1362 Ciceronis
460 1331 545 1362 libro
574 1329 621 1361 III
643 1330 691 1362 De
716 1329 768 1362 Or.
797 1331 969 1361 maximam
1000 1331 1031 1361 in
1056 1330 1280 1372 Theophrasto
1309 1330 1399 1361 resti-

88 1385 208 1416 tuendo
227 1385 322 1415 fidem
342 1384 522 1415 habendam
542 1395 625 1424 esse,
649 1384 724 1425 quia
743 1383 795 1415 hic
814 1383 897 1416 liber
914 1386 946 1415 et
966 1394 1099 1415 numero
1119 1384 1276 1415 virtutum
1299 1386 1330 1415 et
1354 1384 1400 1414 111-

88 1438 160 1470 dole
184 1437 399 1469 institutionis
422 1448 522 1478 prope
546 1437 586 1468 ad
609 1448 681 1468 eum
706 1437 828 1468 accedit
851 1440 883 1468 et
902 1437 970 1478 ipse
990 1439 1134 1469 veterum
1154 1438 1345 1469 auctoritate
1365 1449 1399 1469 se

89 1492 139 1523 uti
157 1491 337 1532 profitetur,
356 1490 396 1522 ad
411 1501 447 1521 ea
467 1491 564 1522 verba
579 1491 683 1531 redeo,
704 1501 784 1532 quae
803 1491 866 1522 toti
885 1501 974 1522 meae
989 1491 1198 1532 disputationi
1213 1492 1399 1532 praeposui:

90 1544 312 1585 „Peripatetici
332 1547 439 1575 autem
458 1543 555 1575 etiam
574 1543 651 1575 haec
671 1545 754 1585 ipsa,
779 1555 858 1585 quae
878 1545 1008 1585 propria
1027 1546 1189 1575 oratorum
1211 1547 1306 1585 putas
1331 1556 1399 1576 esse

89 1598 272 1629 adiumenta
299 1599 395 1638 atque
424 1599 610 1628 ornamenta
634 1597 773 1639 dicendi,
801 1609 820 1628 a
843 1608 876 1628 se
900 1597 967 1639 peti
987 1598 1151 1629 vincerent
1175 1600 1335 1639 oportere,
1361 1610 1399 1631 ac

89 1662 155 1682 non
178 1651 282 1682 solum
302 1651 447 1691 meliora,
472 1651 527 1681 sed
546 1651 642 1682 etiam
662 1650 766 1682 multo
785 1651 879 1692 plura
897 1650 1106 1683 Aristotelem
1127 1650 1399 1692 Theophrastum-

89 1715 151 1746 que
166 1704 204 1735 de
219 1703 290 1735 istis
305 1704 410 1745 rebus,
433 1715 526 1745 quam
548 1705 652 1736 omnis
668 1704 793 1736 dicendi
808 1705 980 1747 magistros
995 1704 1159 1745 scripsisse
1175 1705 1399 1736 ostenderent“

89 1756 153 1800 (De
172 1756 224 1788 Or.
239 1756 255 1788 I
273 1756 341 1799 43).

177 1809 377 1851 Quamquam
405 1813 515 1842 nostra
542 1811 760 1852 disputatione
786 1811 1043 1852 Theophrastum
1072 1811 1243 1853 generibus
1273 1812 1399 1843 dicendi

88 1864 214 1904 privare
233 1864 406 1904 studemus,
426 1866 532 1895 tamen
551 1864 677 1896 laudem
698 1876 716 1896 a
735 1863 889 1897 Cicerone
907 1864 1076 1906 probatam
1096 1865 1228 1896 minime
1248 1866 1403 1897 volumus-

89 1917 241 1948 minuere.
270 1916 355 1954 Quin
374 1918 471 1949 etiam
492 1917 572 1949 mihi
591 1929 777 1959 persuasum
798 1920 846 1949 est
865 1918 998 1949 clariore
1021 1919 1092 1950 luce
1116 1918 1181 1949 vim
1206 1920 1238 1949 et
1261 1919 1398 1950 auctori-

89 1971 189 2001 tatem
210 1970 397 2011 disciplinae
413 1970 670 2012 Theophrasteae
690 1972 845 2003 illustrari
865 1973 897 2002 et
916 1971 1031 2003 melius
1051 1971 1204 2013 intellegi,
1224 1972 1251 2002 si
1271 1971 1398 2011 ἀρετῶν

89 2022 205 2061 λέξεως
223 2034 418 2064 quamquam
437 2035 503 2056 non
526 2024 678 2065 εὑρετήν,
702 2027 735 2056 at
759 2027 843 2056 certe
865 2026 1039 2066 τελειωτήν
1061 2036 1133 2057 eum
1153 2025 1337 2056 existimare
1356 2025 1396 2056 ab

89 2076 226 2108 historia
244 2076 399 2108 virtutum
420 2077 597 2109 didicimus.
627 2077 730 2110 Nemo
751 2079 835 2110 enim
859 2078 981 2118 rhetor,
1006 2079 1062 2120 qui
1086 2078 1298 2110 elocutionem
1322 2081 1398 2120 post

89 2140 162 2160 eum
189 2129 311 2169 docuit,
343 2130 478 2161 virtutes
508 2142 638 2171 prorsus
669 2132 775 2172 potuit
805 2133 982 2174 neglegere.
1022 2131 1240 2163 Romanorum
1267 2132 1397 2172 ingenia

89 2182 129 2213 ad
146 2185 290 2214 veterum
316 2183 534 2224 exemplorum
553 2184 767 2215 imitationem
785 2185 891 2215 minus
920 2184 1052 2226 alligata
1081 2195 1177 2225 quam
1202 2184 1395 2216 Graecorum

90 2236 225 2267 virtutes
244 2235 366 2267 dicendi
387 2236 507 2267 maiore
521 2237 584 2268 fide
599 2239 813 2278 servaverunt,
832 2238 886 2268 sed
903 2236 1014 2268 Graeci
1034 2248 1162 2278 quoque
1182 2248 1235 2268 eas
1257 2237 1290 2269 in
1304 2237 1396 2268 libris

90 2289 261 2320 mimeticis
280 2289 502 2321 adhibuerunt.
537 2288 674 2322 Graecus
694 2290 926 2331 Hermogenes,
954 2290 1009 2331 qui
1034 2301 1103 2322 sero
1132 2301 1251 2322 novum
1281 2290 1395 2328 λέξεως
