1566 2592
237 157 278 184 De
297 157 431 184 virtutum
450 156 562 183 dicendi
581 156 611 182 in
630 155 742 190 scriptis
761 156 866 182 criticis
884 164 937 182 usu
957 157 1042 189 atque
1061 155 1178 182 ratione.
1323 155 1365 187 85

152 239 204 271 Br.
222 239 285 271 140
299 237 491 281 (Antonius)
510 237 618 269 Verba¹
636 237 706 278 ipsa.
724 247 788 269 non
813 237 869 268 illa
893 237 1021 278 quidem
1046 237 1284 279 elegantissimo
1309 248 1370 268 ser-

62 303 171 338 mone:
195 292 302 333 itaque
327 291 498 333 diligenter
521 289 694 333 (ἀκριβῶς)
718 290 870 331 loquendi
894 290 987 322 laude
1010 291 1113 322 caruit
1135 301 1238 331 neque
1262 292 1370 322 tamen

63 348 112 376 est
131 345 302 376 admodum
322 344 487 385 inquinate
506 344 633 375 locutus
649 369 655 375 .
670 368 676 375 .
692 368 698 374 .
715 369 721 375 .
741 354 814 374 nam
835 343 940 384 ipsum
960 343 1075 375 Latine
1092 343 1182 385 loqui
1202 345 1259 375 etc.

151 398 203 430 Br.
219 397 282 429 143
298 396 460 441 (Crassus)
476 397 590 429 Latine
603 396 757 438 loquendi
771 398 919 428 accurata
933 398 965 427 et
983 397 1050 428 sine
1070 396 1218 428 molestia
1232 396 1369 439 diligens

61 451 228 494 elegantia.

149 503 201 535 ΒΥ.
217 503 281 535 258
301 502 444 545 (Atticus
464 503 502 535 de
522 501 668 545 Caesare)
690 502 812 534 ‘Solum
834 502 983 544 quidem',
1003 503 1109 543 inquit
1128 502 1192 544 ille,
1215 503 1258 534 ‘et
1277 503 1368 543 quasi

61 557 304 589 fundamentum
314 556 338 599 1)
365 556 503 588 oratoris
529 556 617 588 vides
642 556 836 587 locutionem
865 555 1065 588 emendatam
1092 554 1308 598 (καθαρότης)
1337 557 1368 587 et

60 611 224 652 Latinam3
247 610 337 641 cuius
355 620 452 651 penes
472 620 553 651 quos
572 610 642 642 laus
661 609 765 641 adhuc
783 609 854 650 fuit,
872 620 938 640 non
957 609 1019 640 fuit
1038 608 1173 640 rationis
1192 610 1247 640 aut
1268 609 1367 640 scien-

59 664 132 705 tiae,
151 663 206 695 sed
226 663 315 704 quasi
335 663 438 694 bonae
458 663 719 694 consuetudinis&

149 716 272 754 Quibus
297 727 336 748 ex
362 716 516 757 exemplis
542 716 620 748 satis
644 717 747 748 elucet
771 716 843 757 puri
867 715 1022 747 sermonis
1050 715 1214 755 virtutem,
1242 715 1306 757 vel,
1332 717 1368 746 ut

59 770 138 802 dicit
163 769 301 811 Tullius,
327 769 453 801 laudem
479 769 605 801 iudiciis
632 769 768 801 subesse.
805 768 890 806 Quin
916 768 1013 800 etiam
1039 768 1118 800 haec
1143 769 1246 800 virtus
1273 780 1366 810 saepe

57 823 207 855 laudatur
226 823 257 854 in
278 823 326 863 iis,
346 822 401 863 qui
415 823 542 864 patroni
558 833 616 863 pro
632 822 801 854 clientibus
822 822 971 853 dixerunt
991 822 1116 864 integro
1137 832 1292 862 sermone,
1311 822 1366 853 sed

57 877 136 908 artis
155 876 332 907 rhetoricae
347 877 500 917 expertes.
529 875 619 907 Brut.
637 876 708 907 128.
731 875 802 907 135.
825 876 896 907 139.
918 875 989 906 166.
1009 875 1083 906 202.
1103 875 1177 907 210.
1197 875 1271 907 228.
1291 875 1365 906 233.

57 929 131 960 252.
151 929 224 961 267.
253 929 361 970 Atque
384 929 436 961 his
456 929 585 970 quidem
608 929 688 960 locis
711 930 897 960 nominatur
920 929 1022 960 virtus
1047 928 1115 970 illa,
1140 929 1211 960 aliis
1237 940 1364 970 quoquc

57 984 140 1014 tecte
160 982 367 1024 significatur.

452 1057 494 1090 II.
514 1057 734 1100 Perspicuitas
754 1056 970 1100 (σαφήνεια).

144 1119 262 1151 Mirum
282 1121 331 1151 est
348 1120 481 1151 alteram
501 1119 715 1161 Theophrasti
734 1120 886 1151 virtutem
907 1119 1096 1151 elocutionis
1116 1119 1151 1151 in
1168 1119 1262 1151 Bruti
1285 1119 1365 1151 iudi-

56 1171 113 1205 ciis
141 1173 256 1204 deesse.
292 1172 399 1214 Atque
428 1183 545 1204 nomen
573 1173 701 1214 quidem
730 1176 813 1205 certe
843 1173 1049 1204 desideratur.
1085 1173 1252 1205 Vocabula
1280 1174 1364 1204 enim

56 1225 248 1258 ‘enucleate’
265 1225 333 1268 (Br.
349 1225 400 1258 35.
417 1225 495 1269 115)
515 1228 547 1258 et
567 1226 736 1268 ‘liquidus’
755 1225 859 1269 (274),
879 1237 960 1268 quae
980 1226 1130 1258 Causeret
1154 1226 1187 1269 (l.
1203 1226 1223 1258 1.
1238 1238 1268 1268 p.
1287 1225 1364 1268 169)

55 1281 87 1311 et
115 1278 354 1322 Geigenmfiller
382 1278 416 1322 (l.
431 1279 450 1311 l.
466 1291 496 1321 p.
512 1279 569 1322 29)
598 1280 637 1311 ad
661 1280 922 1322 perspicuitatem
948 1281 1155 1321 rettulerunt,
1183 1280 1365 1321 propinqua

54 1343 124 1365 esse
147 1335 293 1375 apparet,
317 1344 511 1374 quamquam
532 1333 719 1365 ‘enucleate’
743 1333 846 1376 magis
871 1333 910 1364 ad
929 1333 1142 1365 subtilitatem
1161 1344 1264 1364 rerum
1284 1333 1365 1364 mihi

53 1385 180 1418 videtur
205 1385 411 1428 pertinere2),
437 1386 492 1417 sed
520 1387 559 1418 ab
588 1387 707 1419 usitata
735 1387 865 1418 virtutis
894 1386 1102 1428 appellandae
1128 1386 1252 1418 ratione
1279 1388 1364 1418 certe

54 1441 129 1470 sunt
143 1439 254 1471 aliena.
284 1439 403 1470 Tamen
418 1439 487 1480 ipsa
507 1440 610 1471 virtus
629 1451 694 1471 non
713 1440 807 1482 plane
826 1439 973 1482 neglecta
987 1439 1115 1471 videtur
1129 1450 1206 1471 esse.
1236 1439 1362 1471 Vitium

54 1492 82 1523 ei
112 1492 306 1524 contrarium
335 1492 529 1525 obscuritatis
559 1493 804 1534 reprehenditur
832 1492 898 1535 (Br.
925 1491 1016 1535 143),
1044 1495 1140 1534 atque
1170 1493 1363 1534 elegantiam,

53 1556 149 1586 quam
173 1545 298 1577 Tullius
321 1545 432 1577 multis
455 1546 635 1577 oratoribus
658 1546 781 1587 tribuit,
802 1546 1063 1587 perspicuitatem
1087 1548 1211 1578 mutato
1233 1546 1363 1578 nomine

54 1597 205 1640 amplecti
224 1600 302 1639 puto
323 1609 359 1630 ea
383 1598 538 1630 adductus
563 1599 700 1640 ratione,
724 1610 787 1640 qua
806 1599 929 1631 Auctor
949 1599 988 1630 ad
1007 1599 1206 1631 Herennium
1228 1599 1288 1642 (IV
1307 1599 1361 1642 17)

53 1651 244 1693 elegantiam
265 1651 440 1683 distribuit.

238 1749 296 1781 ΙΙΙ.
315 1749 465 1782 Brevitas
485 1749 697 1793 (συντομία).
743 1750 797 1782 IV.
816 1750 975 1783 Decorum
996 1750 1175 1793 (πρέπον).

139 1810 192 1842 Br.
208 1810 250 1842 63
270 1809 363 1854 (Cato
383 1813 415 1843 et
433 1811 560 1854 Lysias)
581 1812 665 1844 acuti
685 1814 768 1854 sunt,
788 1813 958 1854 elegantes,
977 1813 1083 1854 faceti,
1102 1813 1210 1845 breves.

139 1863 192 1895 ΒΓ.
211 1863 272 1896 158
293 1863 454 1908 (Crassus)
474 1865 557 1897 idem
577 1867 609 1897 et
627 1867 816 1906 perornatus
836 1868 868 1897 et
880 1866 1047 1906 perbrevis.

139 1917 191 1948 Br.
208 1917 271 1949 145
291 1917 472 1960 (Scaevola)
493 1919 598 1950 verbis
618 1921 686 1950 erat
704 1919 744 1950 ad
763 1930 831 1950 rem
855 1930 927 1950 cum
953 1930 1078 1950 summa.
1101 1919 1246 1951 brevitate
1269 1920 1360 1951 mira-

50 1969 160 2002 biliter
178 1973 276 2011 aptus.

139 2023 190 2054 Ad
209 2023 398 2056 brevitatem
417 2025 557 2066 pertinet
576 2025 672 2056 etiam
691 2025 744 2057 Br.
759 2025 811 2057 28.
831 2026 882 2057 66.
905 2026 976 2057 197.
996 2026 1069 2057 262.

139 2075 189 2108 Ad
210 2079 321 2118 aptum
341 2088 519 2110 sermonem
538 2078 591 2110 Br.
606 2078 679 2110 209.
699 2079 772 2110 264.
807 2078 924 2111 Decori
948 2079 1032 2110 enim
1056 2079 1142 2121 laus,
1166 2082 1203 2111 ut
1213 2082 1270 2111 ·est
1289 2080 1358 2111 eius

50 2132 177 2170 natura,
201 2141 273 2161 raro
293 2134 574 2173 commemoratur,
598 2133 723 2173 saepius
743 2133 895 2172 brevitas,
921 2144 1116 2174 quamquam
1136 2133 1230 2165 initio
1251 2134 1357 2175 operis

51 2193 119 2215 eam
139 2184 239 2214 totius
260 2183 450 2216 elocutionis
469 2184 596 2216 laudem
616 2196 684 2217 esse
705 2185 814 2217 Cicero
834 2187 977 2228 negavit:
997 2186 1049 2218 ΒΥ.
1066 2187 1109 2218 50
1123 2186 1288 2227 „Brevitas
1306 2198 1357 2218 au-

140 2280 165 2312 1)
184 2279 257 2306 Vide
276 2287 361 2313 supra
379 2289 406 2314 p.
424 2282 456 2306 57
478 2280 572 2307 adnot.
588 2284 612 2307 3.

139 2320 165 2353 2)
185 2319 223 2345 Ut
242 2320 317 2346 certe
336 2319 371 2345 de
390 2319 472 2346 rebus
492 2320 586 2354 agitur
605 2321 648 2347 Br.
666 2324 728 2348 143:
751 2321 793 2347 ‘111
813 2322 974 2348 disserendo
993 2322 1064 2348 mira
1083 2323 1250 2356 explicatio&
