1566 2592
208 146 252 178 82
790 143 883 179 caput
901 144 946 171 VI.
1510 0 1566 250 W

210 227 334 260 Romae
353 227 439 260 enim
457 227 518 259 viri
538 226 663 259 nobiles
683 228 715 259 et
733 226 904 269 praeclari,
925 237 998 259 cum
1019 237 1058 258 ex
1076 226 1204 268 patroni
1225 226 1332 258 officio
1351 236 1410 268 pro
1429 225 1529 259 clien-

208 281 298 314 tibus
317 281 506 313 orationes
498 292 532 313 m
546 280 673 313 iudiciis
692 280 849 312 haberent
867 282 923 312 aut
942 291 1073 312 munere
1092 280 1224 322 publico
1242 280 1344 312 coacti
1360 279 1446 322 apud
1459 265 1566 322 ple-·¹

209 335 283 367 bem
301 334 452 374 dicerent,
471 334 569 367 verba
583 345 641 366 sua
659 333 763 376 magis
782 333 822 365 ad
842 344 996 375 personae
1015 333 1205 376 dignitatem
1225 336 1257 365 et
1276 333 1450 365 utilitatem
1469 332 1566 393 rei,
1558 332 1566 360 ῑ

167 414 169 416 .
209 388 288 430 loci,
312 389 468 430 temporis
490 388 675 420 formabant
698 398 794 429 quam
815 386 854 419 ad
873 387 952 419 artis
976 386 1154 419 rhetoricae
1178 389 1356 429 praecepta,
1375 388 1472 428 atque
1491 386 1531 419 in.

209 442 442 474 sententiarum
461 443 610 474 accurata
629 443 662 473 et
679 441 831 483 prudenti
850 440 1042 472 tractatione
1061 440 1189 472 laudem
1208 440 1334 473 dicendi
1354 439 1533 472 censebant
1564 480 1566 482 Ι

210 495 351 538 positam
376 506 460 537 esse,
481 505 548 527 non
567 495 600 526 in
620 494 812 527 elocutionis
831 494 965 526 floribus
984 505 1023 526 ex
1043 494 1158 525 intima
1177 495 1245 526 arte
1263 493 1384 535 petitis.
1411 492 1532 535 Itaque
1563 491 1566 531 j

210 549 253 581 M.
268 548 440 591 Antonius,
459 550 496 580 ut
512 547 622 580 Cicero
642 548 815 580 memoriae
829 547 971 588 tradidit,
991 547 1029 579 de
1043 546 1169 579 Latinis
1185 547 1367 579 oratoribus
1387 546 1531 579 dicebat:

211 602 377 645 „Disertos
396 613 430 634 se
449 602 567 634 vidisse
586 601 715 642 multos,
733 601 937 643 eloquentem
958 600 1090 632 omnino
1108 601 1290 632 neminem“
1305 599 1384 643 (Cic.
1395 599 1448 632 Or.
1461 601 1532 643 18).

213 656 301 695 Quae
314 667 387 688 cum
398 657 444 688 ita
459 656 532 696 sint,
543 654 655 687 Cicero
666 655 699 686 in
713 654 842 687 iudiciis
855 654 922 686 suis
937 655 1046 696 plures
1057 654 1194 686 virtutes
1206 653 1410 692 inventionis,
1420 653 1528 696 dispo-

170 724 171 732 2
212 710 349 751 sitiom's,
368 709 506 742 actionis
523 708 654 740 laudare
674 708 756 740 solet
775 719 871 749 quam
886 707 1073 749 Dionysius,
1088 707 1143 749 qui
1159 707 1193 739 in
1207 707 1388 740 elocutione
1406 706 1533 739 diutius

214 765 367 795 versatur.
397 759 520 794 Deinde
537 761 648 795 Cicero
668 761 895 794 innumerabili
914 761 982 794 fere
1001 762 1094 804 copia
1113 772 1286 803 oppressus
1307 771 1428 802 eorum,
1446 771 1533 803 quos

212 817 252 849 ad
267 817 422 849 iudicium
437 816 576 858 admisit,
591 815 737 858 singulos
751 815 892 847 breviter
902 815 997 847 debet
1007 826 1202 857 percurrere,
1216 815 1394 857 Dionysius
1407 814 1534 857 paucis,

213 882 295 912 quos
305 870 345 902 ad
360 870 575 902 imitationem
589 869 782 901 utilissimos
793 870 895 911 putat,
903 870 1074 901 contentus
1089 870 1147 910 est,
1157 871 1194 900 ut
1207 879 1470 910 unumquemque
1480 878 1531 901 ac-

213 926 323 956 curate
338 926 371 956 et
386 923 472 955 omni
483 934 523 955 ex
537 925 628 965 parte
643 933 829 964 percensere
844 922 961 964 possit:
981 924 1056 954 Τῶν
1067 920 1103 954 δὲ
1114 922 1265 964 ῥητόρων
1274 933 1308 954 τε
1318 922 1373 954 καὶ
1387 930 1535 964 συγγρα-

214 977 317 1020 φέων,
336 975 420 1019 ὑπὲρ
441 974 488 1009 ὧν
508 977 526 1010 ὁ
546 978 657 1018 λόγος,
676 979 811 1009 πολλῶν
829 977 919 1008 πάνυ
939 977 1047 1009 ὄντων
1066 975 1121 1008 καὶ
1138 976 1293 1017 ἀγαθῶν,
1312 975 1350 1008 τὸ
1364 973 1427 1016 μὲν
1444 974 1534 1017 ὑπὲρ

217 1031 376 1064 ἁπάντων
394 1030 538 1073 γράφειν
552 1034 680 1072 μακροῦ
695 1031 799 1071 λόγου
820 1030 980 1070 δεόμενον
995 1029 1085 1071 ὁρῶν
1101 1028 1197 1070 ἐάσω,
1215 1030 1295 1067 τοὺς
1310 1027 1346 1062 δὲ
1361 1028 1532 1071 χαριεστά-

215 1097 295 1123 τους
318 1084 351 1123 ἐξ
375 1085 486 1117 αὐτῶν
508 1084 802 1126 προχειρισάμενος
820 1086 887 1115 κτλ.
909 1082 996 1125 (περὶ
1016 1088 1084 1115 τῶν
1103 1082 1174 1125 ἀρχ.
1189 1083 1258 1124 ῥητ.
1279 1093 1304 1115 c.
1319 1083 1341 1114 4
1359 1094 1390 1125 p.
1404 1082 1466 1116 451
1476 1080 1535 1125 R).

215 1138 342 1171 Tullius
367 1140 474 1170 autem
499 1138 622 1170 ‘omnes
642 1137 851 1179 conquisivit,
876 1137 932 1178 qui
951 1137 986 1169 in
1006 1136 1213 1168 multitudine
1233 1136 1336 1168 dicere
1354 1135 1425 1168 audi
1443 1135 1538 1178 sint’r

217 1195 254 1224 ut
270 1192 506 1224 demonstraret
525 1191 692 1223 ‘memoria
707 1191 836 1232 quidem
852 1191 967 1233 dignos
982 1201 1170 1232 perpaucos,
1189 1201 1308 1231 verum,
1327 1190 1384 1232 qui
1398 1189 1535 1222 omnino

216 1257 336 1279 nomen
349 1245 541 1286 habuerunt,
558 1245 680 1277 nonita
693 1244 814 1277 multos
829 1244 940 1277 fuisse’
957 1243 1060 1287 (Brut.
1071 1244 1137 1276 244
1152 1243 1191 1275 cf.
1201 1243 1276 1285 270,
1291 1241 1380 1285 299).
1403 1241 1537 1275 Satisne

217 1300 319 1343 igitur
338 1309 450 1331 causae
470 1301 531 1340 est,
553 1309 609 1331 cur
628 1298 722 1330 Bruti
742 1309 814 1330 cum
833 1298 926 1330 libris
944 1297 1019 1339 περὶ
1038 1298 1204 1339 μιμήσεως
1222 1297 1363 1329 affinitas
1382 1295 1539 1328 umbrata

217 1353 282 1385 sit?
310 1352 431 1384 Tamen
450 1363 490 1384 ne
510 1352 549 1384 ad
568 1354 712 1384 veterum
733 1354 897 1384 oratorum
920 1351 1106 1383 memoriam
1130 1351 1232 1383 solam
1256 1351 1399 1382 animum
1422 1349 1538 1382 adver·

220 1409 278 1448 tas,
299 1405 411 1438 Cicero
431 1405 600 1438 occasione
619 1405 694 1437 data
712 1406 781 1448 ipse
796 1408 828 1437 te
847 1405 1008 1446 admonet,
1027 1416 1101 1437 cum
1120 1404 1159 1437 de
1173 1403 1348 1436 Hortensio
1366 1403 1540 1436 locuturus

219 1460 265 1492 ita
284 1459 494 1502 praeferetur:
522 1458 605 1501 „Sed
625 1460 777 1500 quoniam
797 1459 902 1491 omnis
921 1458 974 1490 hic
994 1469 1099 1490 sermo
1118 1459 1229 1490 noster
1246 1468 1311 1489 non
1331 1456 1436 1489 solum
1459 1467 1536 1489 enu-

219 1514 432 1546 merationem
453 1513 641 1551 oratoriam,
659 1523 772 1544 verum
792 1513 888 1544 etiam
903 1514 1070 1553 praecepta
1087 1511 1242 1552 quaedam
1261 1510 1434 1552 desiderat,
1456 1508 1537 1552 quid

220 1570 387 1610 tamquam
406 1566 583 1599 notandum
604 1568 636 1598 et
655 1566 973 1598 animadvertendum
994 1566 1037 1597 sit
1054 1565 1087 1597 in
1102 1564 1287 1606 Hortensio,
1306 1563 1446 1596 breviter
1458 1563 1542 1596 licet

221 1621 345 1653 dicere“
360 1620 465 1663 (Brut.
481 1619 570 1663 319).
600 1619 700 1652 Nulla
718 1619 782 1652 hoc
799 1619 871 1651 loco
891 1620 1061 1661 praecepta
1081 1618 1263 1661 significare
1281 1619 1391 1659 potest
1407 1616 1471 1649 nisi
1489 1627 1542 1660 ea,

221 1674 339 1717 quibus
359 1674 484 1706 dicendi
505 1673 642 1706 studiosi
662 1673 701 1705 ad
725 1673 940 1705 imitationem
965 1672 1130 1704 ducantur.
1158 1671 1272 1713 Itaque
1295 1671 1387 1703 bonos
1409 1681 1444 1702 se
1467 1681 1536 1703 ora-

222 1731 309 1760 tores
334 1738 485 1769 quaerere
509 1727 587 1759 dicit
610 1726 715 1770 (Brut.
731 1725 821 1769 201).
858 1726 979 1758 Eodem
1004 1726 1158 1767 pertinet,
1182 1725 1269 1766 quod
1291 1724 1385 1756 novis
1407 1723 1541 1766 Atticis,

221 1782 277 1823 qui
297 1781 427 1823 Lysiam
451 1792 551 1812 unum
576 1782 671 1812 avent
694 1779 862 1821 aemulari,
889 1778 1045 1811 Catonem
1064 1778 1245 1810 Romanum
1269 1777 1423 1820 proponit
1446 1778 1540 1809 ratus

221 1835 308 1867 hunc
334 1834 460 1866 easdem
487 1836 583 1875 atque
611 1832 764 1865 Graecum
791 1833 884 1865 illum
910 1834 1073 1874 praestare
1099 1832 1235 1864 virtutes
1261 1830 1426 1863 orationis.
1465 1829 1538 1862 Sibi

222 1889 286 1931 ipsi
306 1888 457 1920 Crassum
481 1887 647 1928 exemplar
670 1886 862 1919 elocutionis
885 1886 987 1918 fuisse
1010 1886 1188 1928 profitetur.
1221 1884 1330 1926 Atque
1351 1883 1386 1916 in
1405 1882 1542 1916 Graecia

224 1942 351 1984 quidem
373 1941 492 1973 litteris
511 1940 681 1972 rhetoricis
701 1951 759 1972 sua
778 1942 892 1982 sponte
907 1940 1028 1971 factum
1044 1941 1103 1981 est,
1122 1941 1158 1970 ut
1173 1938 1211 1970 de
1227 1938 1388 1970 veteribus
1403 1937 1538 1970 oratori-
1563 1951 1566 1983 j

223 1996 284 2028 bus
303 1995 456 2027 historice
476 1994 572 2026 simul
591 1996 755 2036 ageretur,
779 1993 875 2025 simul
899 1993 938 2024 de
960 1992 1142 2024 imitatione
1166 2002 1342 2033 eorumque
1360 1990 1540 2023 virtutibus
1564 1996 1566 1998 '

224 2049 363 2091 dicendi3
382 2059 446 2080 una
460 2048 542 2080 ratio
558 2047 741 2106 disputandi
757 2047 882 2079 duobus
899 2047 951 2078 his
970 2046 1088 2078 finibus
1108 2045 1262 2077 inservire
1281 2045 1418 2086 poterat,
1436 2053 1566 2087 quon·

224 2104 289 2134 iam
309 2102 393 2134 idem
414 2104 557 2133 oratores
577 2112 694 2144 magno
719 2100 752 2132 in
775 2100 912 2132 historia
939 2100 1069 2132 nomine
1093 2099 1306 2140 excellebant,
1331 2097 1448 2140 quibus
1466 2097 1538 2130 rbe-

224 2159 312 2188 tores
339 2155 481 2198 palmam
510 2154 630 2186 dabant
657 2154 849 2186 artificiosae
877 2153 1035 2185 dictionis
1081 2151 1227 2184 Ciceroni
1255 2154 1376 2194 autem,
1408 2151 1437 2183 si
1463 2160 1566 2188 ver·

225 2209 385 2252 exempla,
411 2219 492 2250 quae
519 2207 737 2240 adulescentes
761 2207 899 2239 Romani
925 2209 994 2238 turn
1022 2206 1176 2248 temporis
1203 2205 1359 2238 imitando
1385 2204 1566 2248 effingere}

226 2263 399 2304 debebant,
427 2261 587 2303 explicare
611 2261 780 2303 voluisset,
810 2261 848 2292 de
872 2259 954 2292 vivis
983 2260 1164 2292 oratoribus
1193 2259 1395 2300 maximeque
1423 2258 1462 2290 de
1480 2251 1566 2290 sus‘

225 2317 328 2359 ipsius
348 2318 416 2348 arte
435 2315 603 2347 dicendum
623 2317 700 2347 erat.
730 2314 885 2347 Consulto
905 2315 1010 2346 autem
1032 2313 1071 2345 de
1090 2313 1171 2345 vivis
1190 2315 1282 2345 tacet.
1310 2311 1361 2344 Ne
1380 2314 1449 2344 tum
1469 2310 1542 2353 qui-
1561 2285 1566 2363 i
