1566 2592
375 169 416 196 De
435 169 569 196 virtutum
590 168 704 195 dicendi
725 176 788 194 cum
807 167 957 202 generibus
976 167 1147 194 confusione.
1351 167 1416 199 113

109 251 260 294 neglexit.
299 250 563 293 Supplementum
592 249 711 290 iudicii,
740 249 826 290 quod
855 260 924 280 eam
953 250 1078 290 partem
1099 249 1344 290 complectatur,
1366 259 1418 280 ex-

109 305 221 349 tremis
250 303 354 336 verbis
382 303 420 335 de
445 302 612 334 Demosth.
633 313 657 333 c.
673 302 714 333 58
735 313 765 343 p.
783 301 904 333 1129R
933 302 966 333 in
993 303 1158 343 posterum
1188 303 1315 342 tempus
1344 312 1416 342 pro-

108 358 219 390 mittit.

197 410 259 443 Sed
277 412 350 442 utut
368 411 417 441 est
436 409 474 440 de
494 409 604 440 ordine
623 408 781 441 librorum
797 427 840 431 —
856 408 894 440 de
913 408 973 439 hac
992 419 1026 439 re
1044 419 1130 439 nunc
1149 419 1214 440 non
1233 409 1417 449 quaerimus

108 483 152 488 -—
170 464 250 496 illud
269 465 401 505 apparet
419 463 499 495 artis
517 462 684 504 rationem,
704 462 741 493 de
761 473 825 503 qua
842 462 937 493 nobis
957 462 1102 502 quaestio
1123 463 1179 499 est,
1197 472 1263 492 non
1283 461 1416 492 eandem

108 517 237 550 subesse
250 517 369 548 iudicio
385 516 423 548 de
437 516 664 548 Demosthenis
678 516 832 547 facultate
846 515 982 555 dicendi,
997 525 1092 556 quam
1108 515 1288 546 invenimus
1304 513 1343 556 (c.
1354 513 1416 556 VI)

107 571 141 602 in
159 570 286 602 iudiciis
306 570 344 601 de
363 569 469 611 Lysia,
489 569 527 601 de
545 568 695 610 Isocrate,
714 569 752 601 de
771 569 871 601 Isaeo.

196 627 373 659 Consilium
394 628 499 668 operis
514 627 552 658 de
570 627 733 659 veteribus
752 626 935 658 oratoribus
954 625 1073 667 incepti
1089 636 1215 657 omnem
1231 625 1415 656 Atticorum

107 682 215 712 orbem
243 680 446 722 complexum
471 682 519 712 est
538 681 592 722 ita,
619 683 656 712 ut
684 680 858 712 secundum
887 682 1068 721 temporum
1098 679 1242 710 ordinem
1271 678 1416 719 optimus

106 734 241 776 quisque
269 734 442 776 eligeretur
467 736 499 766 et
523 735 740 766 illustraretur
766 744 790 766 c.
805 733 827 765 4
846 745 875 775 p.
890 732 1005 765 4513:
1033 734 1167 764 πολλῶν
1192 733 1281 764 πάνυ
1308 732 1416 764 ὄντων

106 788 161 819 καὶ
189 787 328 829 ἀγαθῶν
350 788 387 820 τὸ
411 786 472 830 μὲν
499 788 583 828 ὑπὲρ
612 787 768 819 ἁπάντων
796 787 939 829 γράφειν
966 790 1094 828 μακροῦ
1124 787 1225 826 λόγου
1255 786 1416 827 δεόμενον

106 841 196 883 ὁρῶν
215 840 314 881 ἐάσω,
333 842 412 879 τοὺς
430 839 467 873 δὲ
485 841 718 883 χαριεστάτους
737 840 769 879 ἐξ
789 840 901 872 αὐτῶν
919 839 1212 881 προχειρισάμενος
1235 839 1331 870 κατὰ
1349 839 1416 877 τὰς

105 894 260 935 ἡλικίας
287 893 350 935 ἐρῶ
378 895 453 935 περὶ
481 893 628 926 ἑκάστου.
660 894 711 925 Ad
737 893 949 926 imitationem
975 895 1082 924 autem
1108 892 1235 924 dicendi
1263 892 1416 923 studiosis

106 947 225 979 iudicia
243 948 505 979 accommodavit.
533 947 645 989 Itaque
661 959 697 979 ea
717 948 828 978 subest
847 946 995 978 imitandi
1014 945 1140 988 ratio¹)‚
1160 956 1241 986 quae
1255 957 1295 977 ex
1309 945 1416 977 multis

106 997 250 1041 probatis
273 1001 457 1033 auctoribus
480 1001 627 1043 proprias
651 1001 902 1042 uniuscuiusque
926 1000 1035 1031 laudes
1056 999 1222 1040 decerpere
1241 999 1330 1030 iubet
1345 998 1415 1029 imi-

106 1056 220 1095 tantes,
239 1065 302 1096 qua
321 1054 355 1085 in
377 1055 501 1086 ratione
524 1066 635 1087 omnes
659 1056 802 1086 oratores
820 1053 922 1085 Attici
942 1054 973 1084 in
999 1064 1063 1084 una
1088 1052 1247 1085 bonorum
1275 1052 1415 1083 factione

105 1108 370 1150 numerabantur,
402 1119 474 1139 cum
499 1108 598 1139 altera
621 1109 704 1139 esset
727 1108 825 1139 factio
850 1117 1007 1138 novorum
1034 1108 1066 1138 et
1084 1105 1288 1138 Asianorum.
1316 1105 1415 1137 Aliud

106 1162 264 1192 certamen
279 1163 328 1192 est
342 1161 375 1192 in
390 1161 473 1193 libro
489 1161 527 1192 de
541 1161 765 1193 Demosthene.
794 1160 1029 1192 Demosthenes
1044 1159 1130 1190 enim
1145 1170 1182 1190 ea
1196 1159 1415 1200 disputatione

104 1213 210 1245 minus
229 1213 357 1246 Asianis
377 1215 551 1256 opponitur
570 1225 665 1255 quam
685 1214 817 1256 reliquis
836 1214 955 1245 Atticis
975 1212 1169 1253 oratoribus,
1193 1223 1290 1253 quare
1309 1223 1346 1243 ea
1365 1214 1415 1244 est

104 1267 262 1308 quaestio,
281 1267 354 1309 quis
372 1269 456 1299 inter
474 1267 601 1300 Atticos
624 1268 842 1309 principatum
871 1267 1023 1303 obtineat.
1051 1266 1124 1297 Etsi
1148 1265 1324 1307 Dionysius
1345 1266 1414 1307 ipse

104 1331 137 1352 se
164 1320 309 1352 refellere
337 1332 403 1352 non
430 1322 513 1362 vult,
541 1323 650 1352 tamen
677 1321 759 1352 ratio
788 1332 847 1352 nos
876 1320 965 1362 cogit
988 1320 1226 1361 comparatione
1250 1329 1323 1350 cum
1352 1318 1414 1351 De-

104 1373 271 1406 mosthene
290 1374 374 1406 facta
393 1374 455 1405 tria
474 1374 590 1405 iudicia
609 1374 731 1415 primae
750 1373 935 1412 συντάξεως
961 1374 1110 1404 evertere.
1143 1371 1196 1403 An
1220 1382 1413 1413 quemquam

105 1426 230 1458 dicendi
249 1427 428 1458 studiosum
448 1427 487 1458 ad
505 1426 678 1459 Isocratem
696 1438 855 1468 vocemus,
875 1428 911 1458 ut
930 1426 1083 1466 imitetur,
1103 1436 1175 1457 cum
1193 1425 1277 1456 libro
1297 1425 1336 1456 de
1350 1425 1413 1456 De-

105 1479 271 1511 mosthene
294 1481 466 1521 probatum
487 1480 529 1512 s‘it
553 1491 663 1512 omnes
682 1481 749 1512 eius
768 1480 879 1511 laudes
897 1479 983 1521 apud
1001 1478 1254 1510 Demosthenem
1280 1478 1413 1520 reperiri

104 1533 151 1564 ita
168 1534 285 1574 tamen,
303 1535 340 1564 ut
358 1533 570 1576 ἁμαρτήματα
589 1534 772 1565 evitentur?

192 1589 306 1632 Neque
324 1591 364 1622 ad
389 1591 506 1632 Lysian
533 1591 781 1634 confugiendum
808 1594 869 1632 est,
895 1591 1047 1632 quoniam
1067 1589 1297 1621 Demosthenis
1317 1599 1413 1630 opera

104 1644 182 1675 satis
201 1643 304 1675 multa
317 1646 350 1675 et
366 1645 528 1685 praeclara
542 1645 682 1676 eiusdem
697 1645 822 1686 generis
837 1645 983 1685 exempla
1002 1643 1149 1674 offerunt.
1178 1642 1261 1679 Quid
1280 1642 1412 1673 omnino

103 1696 220 1738 Isaeus,
235 1698 291 1738 qui
305 1697 514 1729 Demostheni
528 1698 614 1733 viam
634 1698 781 1740 ostendit,
801 1700 838 1730 ut
856 1697 1009 1739 magister
1028 1695 1233 1738 praeclariori
1254 1695 1412 1736 discipulo

105 1749 168 1792 (De
186 1749 275 1782 Isaeo
296 1761 320 1781 c.
336 1751 379 1782 20
396 1762 426 1792 p.
442 1750 579 1793 628R)?

193 1807 358 1850 Sequitur,
385 1811 422 1840 ut
449 1809 640 1841 imitationis
668 1810 765 1850 ratio,
793 1821 856 1851 qua
878 1810 994 1841 nititur
1016 1808 1099 1839 liber
1123 1808 1161 1839 de
1185 1807 1412 1848 Demosthene,

102 1871 202 1892 unum
222 1861 380 1902 optimum
400 1865 562 1894 auctorem
586 1864 799 1904 commendet,
828 1874 922 1904 quem
946 1873 1023 1904 prae
1051 1861 1165 1893 ceteris
1193 1860 1411 1892 adulescentes

104 1917 284 1954 sequantur.
312 1914 429 1948 Nonne
448 1915 634 1958 consilium,
653 1917 739 1958 quod
758 1917 851 1948 initio
876 1916 975 1957 cepit,
1002 1914 1179 1956 Dionysius
1202 1914 1248 1945 ita
1276 1914 1410 1944 missum

103 1966 188 2007 fecit,
206 1970 243 1998 ut
261 1978 388 2000 omnem
408 1969 518 2001 orbem
538 1969 720 2001 Atticorum
739 1970 773 2001 in
792 1981 892 2001 unum
911 1966 1094 2011 cogeret‘ffl)
1114 1967 1231 1999 Nonne
1250 1969 1411 1998 certamen

105 2020 150 2051 ita
168 2021 328 2052 mutatum
347 2027 404 2062 est,
422 2024 459 2053 ut
477 2033 559 2054 unus
574 2022 808 2055 Demosthenes
829 2024 962 2054 alteram
981 2024 1104 2063 partem
1125 2022 1257 2061 teneret,
1276 2020 1410 2051 alteram

194 2135 218 2167 1)
239 2133 327 2165 Quam
346 2135 463 2168 primam
483 2145 533 2162 nos
558 2137 760 2170 appellavimus
779 2138 809 2164 in
836 2138 929 2171 capite
949 2137 983 2163 de
1009 2135 1159 2170 generibus
1186 2134 1299 2160 dicendi
1325 2142 1412 2167 supra

106 2182 133 2207 p.
149 2175 190 2199 89.

192 2214 218 2247 2)
237 2213 291 2245 Qui
309 2214 350 2240 ita
368 2214 403 2241 de
423 2214 607 2243 Demosthene
626 2217 799 2251 disputavit,
820 2226 880 2244 eum
901 2219 1000 2251 postea
1019 2215 1175 2242 Aeschinen
1200 2215 1229 2240 et
1246 2213 1410 2247 Hyperiden

103 2252 256 2280 imitationi
274 2254 510 2282 commendavisse
529 2264 584 2282 non
604 2257 694 2284 credo.
725 2257 755 2283 In
770 2257 910 2284 Dinarcho
925 2257 949 2283 is
968 2256 1041 2288 finis,
1060 2255 1109 2288 qui
1128 2254 1157 2280 in
1176 2253 1316 2287 prioribus
1336 2253 1410 2279 iudi—

103 2293 154 2320 ciis
173 2302 295 2320 summus
315 2296 383 2327 erat,
402 2295 588 2323 imitationem
607 2297 678 2328 dico,
697 2298 898 2332 grammaticae
918 2295 1114 2331 disputationi,
1134 2294 1196 2327 quis
1215 2295 1289 2320 esset
1308 2293 1410 2320 Dinar—

104 2333 182 2365 chus,
201 2341 274 2367 quae
292 2333 352 2361 eius
371 2335 484 2369 scripta,
503 2335 594 2362 locum
614 2338 704 2363 cessit.

157 2382 272 2402 Stroux:
286 2383 320 2403 Do
334 2383 484 2408 Theophrasti
498 2385 622 2405 virtutibus
636 2385 732 2406 dicendi.
1177 2384 1192 2406 8
