1566 2592
378 170 419 197 De
436 170 572 198 virtutum
591 171 704 197 dicendi
723 180 786 198 eum
805 171 955 206 generibus
975 172 1148 200 confusione.
1355 173 1417 205 121

200 251 316 283 Totum
337 263 437 294 genus
457 253 572 293 ἰσχνόν
590 252 706 283 nititur
724 252 839 293 Lysiae
859 253 1020 295 exemplo,
1044 254 1099 295 qui
1124 257 1293 296 τελειωτής
1317 257 1364 287 est
1386 257 1418 286 et

107 305 203 345 quasi
226 304 407 347 ἄρχέτυπος
429 310 496 336 τῶν
518 307 757 346 παραπλησίων
780 304 833 347 (de
852 305 941 338 Isaeo
962 318 986 338 c.
1002 307 1046 338 20
1065 319 1094 348 p.
1110 307 1198 350 628).
1228 307 1311 345 Quid
1331 309 1419 349 quod

106 357 349 399 Theophrastus
373 357 502 399 Lysiam
525 358 689 399 vituperat
712 361 845 399 propter
866 359 965 391 nimia
990 362 1177 392 ornamenta
1201 363 1232 392 et
1255 362 1418 402 poeticum

109 421 211 453 genus
235 411 405 442 verborum
429 411 468 442 de
486 411 559 453 Lys.
576 422 600 443 0.
620 411 660 443 14
679 411 722 454 (p.
737 411 865 454 483R):
890 412 956 444 Καὶ
983 414 1165 454 θαυμάζειν
1188 414 1295 455 ἄξιον,
1319 415 1353 446 τί
1375 415 1418 456 δή

106 475 188 496 ποτε
206 465 326 496 παθὼν
345 464 362 496 ὁ
385 465 599 506 Θεόφραστος
618 470 693 496 τῶν
711 471 912 507 φορτικῶν
932 466 985 497 καὶ
1004 466 1224 509 περιέργων
1247 468 1350 499 αὐτὸν
1369 468 1417 499 οἴ-

105 529 178 549 εται
197 518 369 559 ζηλωτὴν
388 518 546 558 γενέσθαι
565 519 692 558 λόγων
711 519 764 550 καὶ
787 519 824 550 τὸ
848 520 1022 560 ποιητικὸν
1042 520 1176 552 διώκειν
1194 523 1320 561 μᾶλλον
1340 520 1359 562 ἢ
1379 522 1417 553 τὸ

103 570 281 612 ἀληθινόν.
310 570 392 602 Sane
412 570 541 612 quidem
559 574 672 613 postea
689 582 756 603 non
774 571 812 603 de
827 573 896 603 toto
913 583 1028 614 genere
1043 572 1192 614 Lysiano‚
1212 574 1266 604 sed
1283 573 1321 604 de
1336 574 1418 616 figu—

106 634 214 655 rarum
233 624 318 665 apud
337 635 409 655 eum
430 624 522 666 copia
541 625 694 656 iudicium
707 624 921 666 Theophrasti
941 624 1115 668 affertur1),
1134 626 1188 657 sed
1208 626 1269 658 hoc
1289 638 1418 668 quaero,

106 688 184 708 num
200 676 375 718 Dionysius
389 688 434 719 ea,
454 689 535 719 quae
549 678 712 719 exscripsi,
730 678 827 710 verba
842 678 946 711 dicere
960 680 1114 720 potuerit,
1133 680 1160 711 si
1175 680 1417 721 Theophrastus

106 740 217 761 revera
235 730 364 772 Lysiam
388 730 536 763 exhibuit
559 732 722 773 exemplar
741 732 858 773 ἰσχνοῦ
878 738 1089 774 χαρακτῆρος.
1118 732 1236 774 Nemo,
1259 735 1353 774 puto,
1377 734 1416 765 de

104 794 260 824 responso
289 783 457 815 dubitabit.
490 783 595 816 Immo
623 795 698 816 vero
727 785 859 816 eandem
887 785 1108 827 partitionem,
1137 797 1233 827 quam
1258 787 1292 818 in
1314 786 1417 818 Theo-

106 836 257 877 phrastea
276 837 446 878 disciplina
465 848 558 879 saepe
577 838 641 869 iam
661 838 856 880 invenimus,
874 838 937 870 hoc
956 850 1083 880 quoque
1101 840 1174 871 loco
1194 840 1418 882 cognoscimus

106 890 191 921 inter
208 891 244 922 τὸ
264 892 436 932 ποιητικόν
455 892 487 923 et
501 892 538 924 τὸ
553 892 725 933 ἀληθινόν.
755 891 935 934 Gorgianae
951 892 1085 924 dictioni
1101 892 1153 935 (cf.
1169 893 1266 924 etiam
1282 893 1418 926 Aristot.

104 943 199 975 Rhet.
213 943 260 975 HI
283 944 454 987 1404a25)
479 945 574 976 nimis
598 945 767 977 indulsisse
791 945 921 986 Lysiam
947 946 1029 977 dixit
1053 945 1294 987 Theophrastus
1318 948 1363 988 et,
1388 947 1416 978 si

105 995 262 1028 Demetrii
284 997 499 1040 fragmentum
525 998 562 1030 de
586 998 705 1041 frigido
730 1010 968 1040 comparamus,
992 1002 1124 1040 apparet
1148 1010 1220 1031 eum
1245 1000 1328 1031 inter
1352 1006 1415 1038 ψυ-

104 1048 239 1092 χρούςῗ)
257 1053 460 1082 numeratum
480 1062 558 1092 esse,
578 1052 654 1092 quia
672 1052 870 1093 ὑπερβάλλει
890 1053 951 1093 τὴν
970 1052 1096 1084 οἰκείαν
1116 1052 1329 1093 ἀπαγγελίαν.
1353 1053 1415 1085 His

100 1103 191 1134 enim
210 1103 315 1135 verbis
334 1106 415 1135 teste
434 1104 591 1146 Dionysio
611 1116 688 1136 usus
708 1106 756 1136 est
771 1104 916 1136 Eresius:
937 1106 1089 1146 φαίνεται
1109 1106 1251 1147 ἀπρεπὲς
1270 1107 1415 1138 σπουδά-

104 1158 201 1195 ζοντα
217 1162 286 1194 τοῑς
299 1157 466 1198 πράγμασι
481 1163 551 1195 τοῖς
565 1157 705 1199 ὀνόμασι
719 1159 854 1196 παίζειν.
875 1158 988 1199 Lysias
1004 1158 1105 1200 igitur
1119 1170 1227 1190 veram
1242 1161 1414 1201 μεσότητα,

99 1220 200 1251 *quam
219 1209 476 1251 Thrasymachus
496 1211 720 1252 Theophrasto
740 1211 843 1243 iudice
862 1212 1059 1253 praestabat,
1087 1223 1152 1243 non
1173 1215 1221 1244 est
1239 1215 1413 1255 assecutus,

102 1274 166 1294 non
185 1263 260 1304 quia
273 1263 370 1294 nimis
384 1266 480 1295 tenue
495 1275 595 1306 genus
610 1264 766 1306 adhibuit,
786 1265 841 1296 sed
858 1265 935 1305 quia
948 1265 1045 1296 nimis
1060 1266 1179 1307 grande
1195 1268 1227 1297 et
1241 1266 1413 1307 poeticum.

191 1315 242 1348 Ne
269 1317 303 1348 in
328 1317 567 1358 Thrasymacho
597 1318 726 1358 quidem
755 1328 806 1359 eo,
834 1310 925 1349 cuius
953 1321 1085 1360 propter
1113 1318 1268 1351 iudicium
1297 1330 1415 1361 genera

97 1369 325 1410 Theophrasto
345 1370 561 1413 adsignantur,
580 1371 663 1402 ratio
679 1371 879 1412 Dionysiana
897 1371 1106 1414 intellegitur,
1126 1372 1153 1403 si
1172 1372 1414 1414 Theophrastus

98 1434 176 1455 eum
199 1434 310 1454 revera
333 1424 430 1454 medii
453 1425 574 1464 yeneris
592 1426 755 1456 auctorem
776 1426 807 1455 et
827 1425 918 1465 quasi
938 1425 1076 1466 εὑρετήν
1095 1436 1163 1457 esse
1183 1426 1300 1457 docuit.
1328 1426 1414 1458 Nam

193 1539 218 1571 1)
237 1537 388 1571 Dionysius
406 1538 459 1564 hoc
478 1538 667 1573 fragmentum
691 1546 725 1564 ex
747 1538 958 1572 Theophrasteo
988 1540 1081 1573 capite
1104 1540 1168 1573 περὶ
1197 1540 1341 1575 σχημάτων
1366 1541 1413 1567 de-

102 1577 249 1611 prompsit,
264 1578 333 1604 satis
344 1579 438 1604 autem
453 1579 577 1612 amplum
591 1578 683 1605 locum
696 1579 843 1612 excerpsit,
855 1580 888 1605 ut
902 1579 1112 1613 perspiciamus,
1124 1589 1179 1613 qua
1190 1581 1298 1607 ratione
1309 1582 1337 1606 et
1351 1581 1414 1614 qui-

101 1617 154 1644 bus
164 1617 230 1644 libri
240 1617 308 1644 locis
319 1618 528 1652 Theophrastus
538 1619 644 1645 iudicia
654 1619 689 1645 de
700 1619 858 1645 oratoribus
872 1619 977 1645 tulerit.
1007 1619 1036 1645 Si
1052 1620 1126 1646 enim
1136 1629 1240 1654 genera
1254 1622 1413 1654 tractasset,

101 1657 155 1684 hac
174 1658 203 1683 in
223 1659 302 1692 parte
322 1658 428 1685 iudicia
447 1658 612 1685 collocanda
631 1660 718 1685 erant.
748 1659 829 1685 Nunc
849 1660 943 1685 autem
964 1659 1123 1693 Dionysius,
1143 1669 1205 1686 cum
1226 1660 1414 1694 Theophrasti

100 1697 236 1724 iudicium
262 1698 296 1724 de
315 1698 400 1732 Lysia
422 1698 579 1732 exhiberet,
602 1708 636 1725 ex
659 1699 752 1733 capite
776 1699 910 1732 quodam.
934 1700 1009 1733 quod
1029 1700 1065 1725 ad
1090 1701 1232 1732 ornatum,
1256 1700 1286 1726 id
1310 1702 1353 1727 est
1376 1701 1413 1726 ad

95 1739 232 1772 quartam
255 1738 442 1772 Theophrasti
465 1740 591 1766 virtutem
615 1739 795 1772 elocutionis,
819 1739 992 1773 pertinebat,
1020 1739 1090 1765 illud
1115 1740 1252 1766 iudicium
1282 1742 1413 1774 expetere

100 1777 206 1804 debuit.
235 1778 334 1812 Itaque
353 1780 439 1805 etiam
458 1779 542 1806 huius
560 1779 713 1814 fragmenti
731 1779 964 1813 interpretatione
983 1788 1087 1814 genera
1102 1788 1118 1806 a
1133 1780 1321 1814 Theophrasti
1340 1780 1413 1807 libro

101 1817 287 1851 depelluntur.
317 1819 357 1845 De
382 1819 518 1845 divisione
541 1819 726 1852 ἀντιθέσεων,
750 1827 806 1853 qua
829 1819 1055 1853 Theophrastum
1078 1829 1159 1846 usum
1184 1829 1243 1846 esse
1267 1821 1412 1854 probatur,

95 1858 161 1892 regit
179 1858 269 1884 Diels:
289 1852 364 1885 Uber
384 1859 434 1885 das
455 1862 479 1886 3.
494 1859 571 1886 Buch
592 1860 640 1886 der
659 1859 795 1886 aristotel,
811 1859 955 1886 Rhetorik.
971 1860 1002 1886 B.
1014 1860 1043 1885 Β.
1056 1861 1087 1886 A.
1100 1863 1177 1891 1886,
1189 1863 1231 1886 29.
1260 1861 1331 1887 Mihi
1350 1860 1413 1894 qui-

99 1898 164 1924 dem
193 1898 278 1924 liceat
297 1899 331 1924 de
359 1899 474 1933 periodo
502 1899 578 1933 ipsa,
601 1908 673 1933 quae
697 1908 753 1925 una
776 1899 872 1925 littera
896 1900 966 1925 mihi
985 1900 1096 1926 videtur
1123 1900 1289 1934 perturbata
1318 1902 1347 1927 et
1375 1901 1411 1927 ab

99 1937 224 1964 auctoris
243 1939 351 1965 sincera
369 1939 478 1966 ratione
492 1935 650 1974 ‘depravata
669 1948 738 1972 esse,
752 1948 844 1974 pauca
863 1940 974 1966 addere.
1004 1940 1047 1966 Ita
1062 1940 1137 1966 enim
1152 1941 1332 1967 scribendum
1352 1949 1412 1967 esse

100 1977 289 2011 fragmentum
308 1987 418 2006 censeo:
441 1980 555 2006 Τούτων
575 1979 606 2006 δὲ
624 1980 655 2006 τὸ
670 1980 720 2014 μὲν
744 1980 806 2006 ἴσον
830 1980 877 2006 καὶ
901 1980 931 2006 τὸ
956 1979 1054 2014 ὅμοιον
1079 1981 1234 2012 παιδιῶδες
1252 1981 1300 2007 καὶ
1320 1983 1411 2007 καθα-

100 2018 178 2050 περεὶ
197 2017 314 2052 ποίημα·

261 2058 305 2085 διὸ
325 2060 373 2085 κα),
391 2057 474 2092 ἧττον
493 2060 622 2094 ἁρμόττει
639 2064 671 2095 τῇ
693 2061 800 2095 σπουδῇ
819 2059 854 2098 (Ι)

96 2113 133 2117 ·—
154 2096 284 2131 φαίνεται
303 2098 355 2132 γὰρ
375 2098 496 2132 ἀπρεπὲς
515 2099 709 2131 σπουδάζοντα
727 2104 786 2130 τοῖς
803 2100 947 2135 πράγμασι
966 2106 1024 2131 τοῖς
1048 2100 1165 2135 ὀνόμασι
1189 2100 1298 2133 παίζειν
1319 2117 1351 2121 —
1372 2102 1411 2135 (a)

260 2138 307 2164 καὶ
327 2138 357 2164 τὸ
377 2139 472 2170 πάθος
489 2144 522 2174 τῇ
542 2140 612 2172 λέξει
630 2145 769 2173 περιαιρεῖ
786 2141 831 2175 (Π)

100 2193 133 2197 -
154 2177 243 2204 ἐκλύει
262 2177 314 2211 γὰρ
333 2178 382 2204 τὸν
401 2179 542 2213 ἀκροατήν
561 2179 608 2214 (b).

189 2217 304 2243 Codices
328 2219 356 2244 et
380 2218 517 2245 editiones
541 2219 674 2246 exhibent
697 2225 875 2253 περιαιρεῖν.
903 2221 1023 2247 Lacunis
1048 2222 1076 2248 et
1099 2221 1222 2247 numeris
1247 2221 1341 2247 studui
1362 2221 1410 2247 de-

98 2258 262 2289 monstrare,
282 2258 420 2290 quomodo
439 2259 571 2292 periodus
591 2267 607 2285 a
627 2259 820 2294 Theophrasto
841 2262 1000 2287 constructa
1019 2261 1112 2287 fuerit.

189 2299 215 2331 2)
235 2296 367 2330 φορτικός
386 2299 414 2324 et
433 2298 541 2333 ψυχρός
559 2307 712 2333 synonyma
732 2302 804 2333 suut,
824 2300 938 2334 Dionys.
959 2301 994 2327 de
1012 2301 1089 2327 Isaeo
1105 2309 1127 2327 c.
1139 2304 1172 2327 20
1192 2310 1219 2334 p.
1231 2304 1281 2327 627
1293 2301 1326 2334 R,
1345 2300 1410 2326 vide

93 2337 319 2372 Geigenmfiller:
339 2338 357 2364 l.
373 2337 391 2364 l.
410 2347 437 2372 p.
455 2341 513 2365 111.
