1566 2592
501 151 542 178 De
561 150 652 177 initiis
670 150 805 176 virtutum
825 149 944 176 dicendi.
1340 148 1382 180 33

73 234 166 266 cuius
184 233 370 276 participem
397 243 487 264 suam
513 233 698 273 σαφήνειαν
724 242 791 263 esse
817 230 920 262 voluit
948 229 1006 273 (μὴ
1025 229 1206 272 ταπεινήν).
1239 229 1343 271 Caput
1364 229 1381 260 7

74 290 123 319 est
142 287 216 328 περὶ
235 285 426 328 πρέποντος,
446 285 532 326 quod
552 285 585 316 in
605 284 675 326 ipsa
694 284 879 316 definitione
899 284 1029 315 virtutis
1048 283 1152 315 locum
1175 283 1325 315 obtinuit.

122 341 125 344 ’
164 339 272 372 Etiam
291 349 328 371 ea
346 349 421 380 pars
440 337 552 379 libelli,
571 348 652 379 quae
672 338 710 369 de
724 348 894 369 numerosa
909 337 1054 368 oratione
1069 337 1145 379 agit,
1166 336 1226 368 etsi
1243 336 1384 368 maxime

75 392 257 435 rhythmica
275 392 437 434 pertinent
460 391 501 422 ad
524 393 683 432 ornatum,
701 390 923 432 perspicuitati
947 390 1154 432 subiungitur
1173 388 1384 432 (1408b26):

82 447 126 479 Τὸ
145 446 182 478 δὲ
200 446 377 487 ἄρρυθμον
396 444 594 487 ἀπέραντον,
615 445 665 476 δεῖ
684 442 720 475 δὲ
739 444 946 485 πεπεράνθαι
965 442 1041 485 μέν,
1060 444 1104 484 μὴ
1123 442 1230 486 μέτρῳ
1250 442 1299 474 δέ·
1327 442 1384 483 ἀη-

77 499 131 537 δὲς
149 499 211 540 γὰρ
226 497 280 530 καὶ
300 499 474 539 ἄγνωστον
487 498 524 530 τὸ
544 498 682 539 ἄπειρον
697 496 749 539 (cf.
761 497 857 528 etiam
875 496 1041 536 1409a31,
1059 495 1220 538 1409b1).
1250 495 1330 527 Item
1346 496 1385 527 de

75 552 187 595 figuris
206 551 448 593 compositionis
466 550 510 594 (p.
527 550 714 593 1410a20):
730 550 844 582 ‘Hasta
864 550 895 581 δ’
916 549 1008 582 ἐστὶν
1026 550 1046 591 ἡ
1066 550 1200 591 τοιαύτη
1217 549 1313 590 λέξις,
1333 549 1384 581 ὅτι

75 605 233 638 τάναντία
257 605 540 646 γνωριμώτατα
563 603 617 636 καὶ
639 603 715 645 παρ’
738 604 863 644 ἄλληλα
881 605 1008 645 μᾶλλον
1027 603 1213 644 γνώριμα.
1242 602 1280 633 In
1300 613 1385 634 com-

75 659 235 700 positione
263 658 364 700 igitur
392 658 496 699 ὴδονή
525 668 649 699 semper
677 668 750 688 cum
782 657 1011 698 perspicuitate
1045 656 1214 688 coniuncta
1244 658 1385 697 apparet.

77 710 217 743 Ornatus
235 712 320 743 enim
338 713 462 752 partem
487 721 554 742 esse
580 710 847 752 compositionem
866 709 1083 751 rhythmicam
1103 709 1295 741 Aristoteles
1321 719 1386 740 non

77 767 182 807 negat.
220 764 282 796 Sed
309 767 358 796 est
381 764 530 806 voluptas
554 764 723 805 quaedam,
754 774 835 805 quae
861 774 926 794 non
950 763 1114 804 propriam
1138 762 1238 794 faciat
1261 761 1385 794 dicendi

78 819 243 859 virtutem,
266 818 364 849 immo
389 828 464 849 vero
488 817 666 849 rhetoricae
690 817 793 848 subsit
816 816 1037 858 perspicuitati
1061 816 1150 847 velut
1173 827 1247 857 pars
1269 815 1386 858 generi.

78 870 167 908 Quae
188 871 269 902 ratio
289 870 479 913 gravissimo
499 870 678 912 explicatur
695 870 798 911 capite
816 869 866 911 10,
890 870 975 910 quod
994 870 1033 900 ad
1054 869 1301 912 intellegendam
1316 868 1388 900 Ari-

80 924 206 956 stotelis
226 924 376 956 virtutem
397 924 522 955 dicendi
540 923 688 964 inprimis
712 925 823 964 aptum
847 925 908 964 est,
937 923 1011 964 quia
1035 922 1238 964 philosphica
1264 923 1387 954 ratione

80 977 125 1008 ibi
145 988 214 1009 eam
233 977 449 1009 demonstrare
467 977 581 1008 studet.
616 978 659 1008 To
674 977 736 1017 γὰρ
752 977 940 1017 μανθάνειν
955 976 1076 1018 ῥᾳδίως
1090 976 1154 1017 ἡδὺ
1169 977 1268 1017 φύσει
1283 977 1387 1008 πᾶσίν

79 1029 163 1062 ἐστιε
189 1030 294 1062 Facile
321 1030 484 1071 percipere
510 1030 659 1061 omnibus
685 1032 800 1061 natura
826 1029 997 1060 iucundum
1025 1032 1081 1060 est.
1110 1028 1252 1060 Nomina
1278 1032 1384 1061 autem

80 1084 264 1125 significant
282 1083 413 1124 aliquid,
433 1094 509 1126 ergo
524 1082 753 1114 iucundissima
769 1084 853 1123 sunt,
872 1093 1080 1123 quaecunque
1096 1083 1250 1124 efficiunt,
1269 1085 1305 1114 ut
1321 1093 1388 1114 sen-

77 1147 151 1168 sum
171 1135 296 1179 facile1)
315 1136 538 1178 percipiamus.
567 1136 652 1168 Rara
671 1136 802 1168 nomina
821 1147 885 1168 non
905 1135 1152 1178 intelleguntur,
1175 1136 1306 1177 propria
1324 1136 1388 1167 iam

80 1189 230 1222 omnibus
244 1191 322 1221 nota
336 1191 411 1221 sunt
426 1191 457 1220 et
472 1191 611 1221 mentem
626 1191 844 1231 praetereunt3
863 1189 1050 1221 tralationes
1070 1189 1180 1231 igitur,
1198 1200 1271 1221 cum
1290 1189 1389 1220 maxi-

81 1254 131 1275 me
154 1243 352 1284 perceptioni
371 1243 509 1283 prosint,
528 1243 700 1274 maximam
725 1242 870 1275 efficiunt
894 1242 1100 1283 voluptatem.
1109 1241 1134 1285 ²)
1163 1241 1255 1274 Sicut
1274 1242 1307 1273 in
1327 1243 1389 1274 sin-

81 1296 166 1339 gulis
186 1296 300 1337 verbis,
323 1296 368 1327 ita
387 1298 456 1328 tota
480 1295 673 1327 elocutione:
697 1295 832 1337 Ἀνάγκη
854 1297 894 1337 δὴ
914 1295 967 1327 καὶ
988 1296 1077 1334 λέξιν
1096 1295 1149 1327 καὶ
1175 1295 1390 1337 ἐνθυμήματα

81 1348 171 1381 ταῦτ’
196 1345 280 1381 εἶναι
300 1349 422 1390 ἀστεῖα,
441 1349 502 1381 ὅσα
524 1354 613 1380 ποιεῖ
631 1349 709 1390 ἡμῖν
728 1349 876 1390 μάθησιν
890 1354 1031 1390 ταχεῖαν.
1060 1349 1124 1380 Διὸ
1146 1373 1240 1380 .....
1261 1349 1391 1380 εὐδοκι-

80 1408 137 1442 μεῖ
153 1427 161 1434 .
176 1427 205 1434 ..
226 1403 313 1434 ὅσων
338 1402 357 1444 ἢ
384 1403 450 1443 ἅμα
475 1402 661 1443 λεγομένων
686 1402 706 1443 ἡ
734 1408 857 1443 γνῶσις
880 1404 1005 1443 γίνεται
1029 1401 1083 1434 καὶ
1108 1403 1136 1434 εἰ
1161 1403 1204 1443 μὴ
1228 1403 1391 1444 πρότερον

82 1455 244 1497 ὑπῆρχεν,
268 1455 287 1496 ἢ
311 1457 430 1496 μικρὸν
453 1456 613 1496 ὑστερίζει
634 1480 640 1487 .
660 1457 806 1496 γίγνεται
830 1456 892 1497 γὰρ
913 1451 986 1487 οἷον
1004 1455 1158 1496 μάθησις.
1187 1454 1391 1497 Intellegitur

83 1509 281 1550 voluptatem
304 1519 369 1540 non
393 1508 488 1539 modo
513 1519 576 1540 non
597 1509 705 1540 dirimi
724 1520 743 1540 a
761 1509 1005 1550 perspicuitate,
1029 1508 1083 1541 sed
1107 1508 1333 1551 psychologice
1357 1509 1390 1540 in

83 1572 121 1593 ea
139 1561 267 1592 includi.
296 1561 388 1599 Quod
407 1561 611 1603 perspicuum
631 1564 692 1603 est,
716 1562 865 1603 μάθησιν
883 1568 1017 1603 ταχεῖαν
1036 1564 1106 1602 aut,
1130 1564 1166 1593 ut
1189 1561 1295 1603 priore
1319 1562 1390 1593 loco

84 1614 176 1655 dixit,
195 1614 316 1656 ῥᾳδίαν
334 1615 472 1656 praebet.
509 1614 615 1646 Verba
633 1617 741 1647 autem
760 1615 856 1647 nimis
876 1615 994 1646 usitata
1012 1626 1125 1656 parum
1145 1615 1266 1646 habent
1283 1617 1392 1656 μαθή-

85 1676 176 1704 σεως.
208 1669 368 1708 Μάθῃσις
387 1668 486 1710 ῥᾳδία
508 1667 631 1699 homini
655 1670 770 1699 natura
792 1668 975 1710 gratissima
997 1670 1053 1700 est.
1082 1668 1129 1699 Ea
1153 1668 1275 1700 ratione
1294 1670 1392 1700 meta-

85 1721 203 1762 phoras
222 1723 254 1752 et
272 1721 428 1763 imagines
447 1723 622 1762 percenset,
641 1732 721 1762 quae
742 1722 882 1763 optimae
897 1723 961 1753 sint
976 1724 1008 1753 et
1022 1722 1265 1763 εὐδοκιμοῦσαι.
1293 1721 1392 1762 Prop-

84 1776 133 1806 ter
151 1774 300 1815 μάθησιν
318 1774 438 1816 ῥᾳδίαν
457 1774 551 1806 etiam
572 1774 724 1817 ἐνάργεια
740 1777 772 1806 et
790 1775 945 1816 probatur
960 1774 1152 1817 (1410b35)
1168 1776 1200 1806 et
1219 1775 1392 1816 exponitur

86 1826 288 1870 (1411b21).
315 1827 491 1868 Postquam
511 1828 623 1859 deinde
642 1827 833 1860 Aristoteles
853 1828 1079 1868 elocutionem,
1099 1839 1194 1870 quam
1214 1828 1391 1869 descripsit,

85 1880 190 1921 qualis
216 1881 249 1912 in
272 1880 376 1912 tribus
401 1881 582 1913 orationum
601 1881 771 1923 generibus
791 1882 991 1924 (δικανικόν,
1011 1883 1252 1923 δημηγορικόν,
1272 1881 1391 1913 ἐπιδει-

85 1935 211 1974 κτικόν)
226 1936 318 1975 esset,
336 1934 517 1976 explicavit,
537 1945 584 1975 e0‚
603 1945 697 1976 quem
718 1946 814 1976 supra
834 1935 1010 1973 attulimus,
1026 1935 1096 1966 loco
1112 1934 1302 1976 (1414a20)
1318 1935 1391 1966 sim-

89 1986 261 2026 plicitatem
282 1987 412 2018 virtutis
432 1987 465 2018 in
484 1988 571 2019 exitu
591 1988 691 2020 totius
711 1988 749 2019 de
768 1989 948 2020 elocutione
968 1990 1123 2020 tractatus
1144 1988 1292 2019 defendit.

178 2075 203 2107 1)
223 2072 288 2100 ὥστε
308 2073 358 2100 ὅσα
376 2079 431 2101 τῶν
446 2074 591 2109 ὀνομάτων
605 2079 682 2101 ποιεῖ
694 2075 759 2109 ἡμῖν
775 2075 908 2109 μάθησιν,
929 2074 1034 2109 ἥδιστα.
1064 2075 1154 2102 Valde
1169 2075 1296 2102 desidero
1313 2075 1392 2101 attri-

89 2113 187 2138 butum
202 2113 277 2146 apud
291 2113 424 2148 μάθησιν.
453 2114 554 2141 Omnia
573 2115 686 2141 nomina
705 2114 831 2149 σημαίνει
845 2125 880 2148 τι,
899 2116 995 2148 itaque
1010 2117 1103 2142 omnia
1120 2115 1236 2147 faciunt,
1256 2117 1288 2141 ut
1302 2115 1392 2141 disca-

88 2161 157 2178 mus.
188 2152 241 2178 Sed
260 2151 386 2188 ᾆᾳδίως
403 2154 562 2188 μανθάνειν
581 2155 643 2189 ἡδύ.
672 2155 845 2181 Vocabulum
861 2155 996 2182 excidisse
1011 2157 1088 2188 puto,
1109 2155 1186 2181 cuius
1202 2163 1313 2181 sensum
1329 2163 1391 2188 sup-

90 2192 200 2226 peditat
220 2193 364 2219 1410b21:
384 2193 435 2220 ὅσα
451 2198 506 2220 τῶν
525 2194 669 2228 ὀνομάτων
688 2199 765 2221 ποιεῖ
782 2195 848 2228 ἡμῖν
867 2195 991 2229 μάθησιν
1011 2195 1174 2229 [ΡΑΙΕΤΗΝ]
1196 2195 1326 2221 ΗΔῙΕΤΑ.
1352 2194 1391 2220 Cf.

91 2231 119 2258 Β.
135 2231 211 2259 Keil:
230 2232 367 2258 Aristides
387 2233 431 2259 vol
444 2233 469 2259 H
487 2242 513 2267 p.
531 2237 590 2267 192,
605 2237 620 2260 4
640 2243 703 2261 cum
722 2235 911 2261 adnotatione.

178 2274 204 2305 2)
224 2271 299 2298 Haec
318 2273 477 2299 Aristotelis
495 2274 568 2300 ratio
595 2274 734 2300 rhetorice
763 2275 846 2300 aucta
865 2276 894 2301 et
913 2275 941 2300 iu
961 2276 1055 2308 partes
1076 2274 1219 2308 discerpta
1240 2275 1291 2300 est.
1322 2274 1393 2300 Vide

88 2310 144 2337 Cic.
166 2311 206 2338 De
226 2311 271 2338 Or.
287 2312 325 2338 111
345 2315 408 2338 160.

143 2361 157 2380 S
163 2365 172 2380 t
178 2366 188 2380 ι’
194 2367 207 2380 ο
213 2367 228 2380 u
234 2367 258 2380 x:
274 2362 307 2380 De
322 2362 472 2385 Theophrasti
487 2362 610 2382 virtutibus
625 2363 721 2382 dicendi.
1164 2361 1178 2383 3
