1566 2592
218 146 261 177 70
807 143 899 179 Caput
917 144 950 171 V.

304 227 355 259 Ex
365 227 607 259 definitionibus
617 227 819 270 singulorum
830 226 1011 259 ‘luminum’
1023 228 1158 269 apparet
1167 227 1276 259 omnia
1284 228 1454 269 praecepta
1463 228 1531 259 tam

215 281 436 325 eligendorum
450 281 624 313 verborum
640 282 672 312 et
691 280 985 322 componendorum
1000 291 1096 322 quam
1111 281 1287 324 figurarum
1302 280 1341 312 iis
1356 279 1531 313 virtutibus

214 334 327 367 subici.
357 333 558 377 Compositio
579 334 708 376 quidem
728 333 817 366 deest
837 334 871 366 in
890 333 1046 366 divisione
1066 333 1202 366 illustris
1225 333 1432 375 elocutionis,
1455 343 1531 366 casu

217 390 307 431 puto,
322 399 387 420 non
408 387 563 420 consulto.
593 387 676 420 Nam
697 387 866 419 suavitatis
880 387 1064 429 praeceptio
1078 387 1135 420 illa
1150 388 1257 429 capita
1276 387 1386 419 omnia
1403 388 1530 419 tractat.

214 441 367 484 Apertius
386 442 524 474 fortasse
543 441 640 473 etiam
665 442 767 474 altero
786 441 873 482 loco,
897 440 954 472 ubi
978 441 1016 473 de
1040 443 1155 473 ornatu
1179 441 1287 484 agitur
1310 440 1396 473 Part.
1412 440 1531 482 72s73:

212 496 276 537 „Et
295 496 449 538 quoniam
468 495 500 527 in
520 495 571 527 his
591 495 697 527 causis
721 495 826 527 omnis
849 494 932 526 ratio
951 494 1017 526 fere
1036 494 1076 526 ad
1100 495 1300 536 voluptatem
1324 494 1480 526 auditoris
1498 496 1532 526 et

214 550 254 582 ad
274 550 518 582 delectationem
538 549 684 590 refertur,
703 548 859 580 utendum
879 548 940 580 erit
958 549 993 579 in
1011 547 1051 580 iis
1071 550 1186 580 ornata
1204 548 1349 581 oratione
1368 550 1401 580 et
1425 548 1532 589 sinqu-

212 604 314 636 Zorum
333 603 503 635 verborum
519 602 711 645 insignibus,
726 612 807 644 quae
826 602 947 634 habent
965 601 1141 643 plurimum
1160 601 1329 633 suavitatis
1345 627 1350 633 .
1367 628 1373 633 .
1389 627 1396 634 .
1411 603 1444 634 et
1457 601 1530 643 ipsa

213 657 436 690 cmzstruaetione
455 655 647 688 verborum“
666 654 860 699 (sequuntur
880 654 1060 697 Gorgianae
1079 654 1225 698 figurae).

304 710 391 749 Quae
413 721 484 742 cum
500 710 546 742 ita
561 710 635 750 sint,
655 710 734 741 satis
754 710 857 741 elucet
876 708 1072 740 Partitiones
1087 708 1252 740 Oratorias
1271 708 1449 741 doctrinam
1468 708 1530 741 vir—

213 767 322 796 tutum
342 763 459 802 λέξεως
473 775 491 795 a
506 763 730 806 Theophrasto
745 762 908 794 conditam
927 761 1157 804 exhibere,‘sed
1175 762 1333 794 rationem
1348 761 1405 794 illo
1423 772 1531 795 recen—

178 838 181 853 ,=
212 818 336 850 tiorem.
367 817 569 859 Quamquam
593 827 747 849 numerus
771 816 839 858 ipse
863 818 977 847 auctus
997 817 1045 848 est
1069 815 1137 847 sola
1159 815 1317 848 brevitate
1337 814 1530 848 Stoicorum.

212 871 333 903 Multas
353 873 386 903 et
406 871 511 903 varias
531 870 653 910 ‘ideas',
668 882 747 912 quas
765 869 916 911 Mayerus
935 869 1158 911 Theophrasto
1178 869 1302 910 tribuit,
1320 880 1360 901 ne
1378 868 1531 902 Partitio-

212 936 269 957 nes
289 925 418 967 quidem
437 924 587 967 probant,
606 924 753 966 quamvis
773 923 925 955 audacter
944 923 1116 955 contendat
1131 922 1316 955 Ciceronem
1337 924 1371 955 in
1388 933 1426 955 eo
1445 922 1531 955 libro

213 980 400 1020 excerptum
418 978 570 1020 praebere
590 989 629 1010 ex
648 977 865 1019 Theophrasti
883 977 967 1009 libro
987 976 1062 1019 περὶ
1083 976 1198 1015 λέξεως
1223 975 1361 1019 (Mayerz
1384 976 1530 1020 prolegg.

213 1043 244 1074 p.
259 1031 363 1075 XIII).
391 1031 461 1064 Nos
486 1031 698 1074 cognovimus
722 1033 754 1063 et
777 1031 907 1062 subesse
930 1031 1088 1062 rationem
1107 1029 1384 1072 Theophrasteam
1403 1032 1436 1063 et
1455 1041 1531 1072 qua—

216 1087 319 1118 tenus.

302 1138 411 1181 Atque
431 1139 535 1171 denuo
554 1138 635 1170 mihi
655 1138 868 1170 insistendum
883 1139 941 1177 est,
960 1139 997 1169 ut
1016 1138 1172 1178 attendas,
1191 1149 1286 1179 quam
1306 1148 1372 1169 non
1391 1148 1531 1170 comme-

212 1195 380 1225 morentur
405 1194 468 1225 tria
496 1204 613 1235 genera
641 1191 775 1224 dicendi.
812 1190 948 1223 Omnem
977 1191 1090 1223 orbem
1119 1191 1310 1223 elocutionis
1339 1193 1430 1233 pater
1457 1191 1528 1223 fflio

213 1247 364 1288 ostendit,
383 1247 490 1279 omnia
509 1246 686 1278 luminibus
706 1245 833 1277 subicit.

303 1299 366 1332 Sed
392 1300 430 1332 de
449 1300 671 1332 Romanorum
695 1299 861 1331 rhetorum
889 1299 1015 1331 ratione
1043 1298 1201 1330 virtutum
1229 1298 1394 1330 hactenus.
1422 1297 1531 1331 Prius-

213 1365 310 1396 quam
331 1354 370 1385 ad
385 1354 578 1395 Dionysium
594 1353 697 1385 Halic.
712 1355 922 1393 transeamus,
936 1352 1032 1384 aliam
1047 1352 1188 1384 breviter
1201 1352 1296 1384 liceat
1311 1351 1389 1384 artis
1403 1354 1529 1394 partem

212 1408 382 1449 attingere,
397 1419 478 1449 quae
493 1409 543 1439 est
557 1407 596 1439 de
611 1406 874 1449 pronuntiatione
893 1404 1108 1448 (ὑπόκρισις),
1123 1406 1275 1447 quoniam
1290 1417 1329 1438 ex
1348 1405 1530 1438 elocutione

212 1461 246 1493 in
262 1472 331 1493 eam
351 1463 477 1503 partem
492 1463 571 1492 natu
586 1460 744 1492 minorem
760 1460 897 1492 virtutes
917 1460 1114 1501 invaserunt,
1128 1470 1264 1501 quarum
1280 1459 1459 1492 similitudo
1473 1470 1531 1492 no·

213 1514 264 1547 bis
284 1514 464 1547 testimonii
483 1514 554 1546 loco
575 1517 632 1555 est,
653 1525 716 1556 quo
736 1514 912 1546 auctoritas
933 1513 1048 1552 λέξεως
1067 1513 1194 1555 ἀρετῶν
1213 1513 1430 1545 confirmatur.

299 1567 487 1609 Ὑπόκρισις
506 1579 577 1599 sero
597 1567 776 1610 praeceptis
796 1568 953 1599 instructa
972 1569 1028 1599 est.
1057 1566 1219 1599 Praefatio
1243 1566 1319 1598 libri
1338 1565 1386 1598 III
1410 1566 1531 1600 Rheto-

213 1623 355 1654 ricorum
370 1621 653 1654 Aristotelicorum
669 1621 748 1653 dicit
763 1632 832 1653 eam
847 1623 972 1662 partem
991 1620 1172 1663 neglectam
1188 1631 1256 1652 esse
1277 1618 1321 1663 (p.
1339 1619 1529 1663 1403b20):

218 1677 339 1718 Τρίτον
359 1673 396 1707 δὲ
415 1676 545 1707 τούτων
564 1675 581 1707 ὃ
602 1675 749 1716 δύναμιν
766 1675 828 1716 μὲν
847 1673 913 1716 ἔχει
928 1675 1097 1716 μεγίστην,
1117 1674 1209 1706 οὔπω
1230 1672 1261 1706 δ’
1279 1673 1528 1716 ἐπικεχείρηται,

213 1730 253 1761 τὰ
276 1728 351 1771 περὶ
371 1729 434 1770 τὴν
451 1729 639 1771 ὑπόκρισιν.
673 1728 915 1770 Theophrastus
943 1730 1054 1760 noster
1081 1727 1194 1759 deinde
1222 1726 1298 1768 περὶ
1321 1727 1527 1770 ὑποκρίσεως

214 1783 352 1824 scripsit.
361 1782 386 1822 ¹)
410 1782 486 1814 Non
505 1782 607 1814 multa
621 1783 749 1814 videtur
762 1784 933 1824 praecepta
947 1780 1126 1822 tradidisse,
1141 1781 1169 1813 si
1183 1780 1331 1812 audimus
1342 1779 1527 1813 Ciceronem

214 1835 278 1879 (De
297 1835 349 1868 Or.
365 1836 380 1868 I
397 1835 475 1878 145)
495 1838 527 1867 et
547 1836 723 1868 Auctorem
738 1835 979 1867 Herennianum
996 1833 1059 1878 (ΙΙΙ
1076 1834 1131 1877 19)
1146 1834 1193 1880 (10ι
1204 1834 1349 1877 angustis
1369 1833 1438 1866 eius
1456 1845 1529 1876 par-

179 1889 183 1910 ¹
213 1890 256 1922 tis
271 1890 389 1921 finibus
405 1892 583 1931 querentes.
611 1889 771 1931 Equidem
786 1889 925 1921 libenter
939 1888 1032 1920 credo
1048 1888 1088 1920 ad
1102 1887 1361 1929 Theophrastum
1376 1898 1528 1930 magnam

214 1955 284 1976 eam
304 1944 531 1976 auctoritatem
550 1943 748 1975 referendam
768 1954 845 1982 esse,
865 1953 928 1984 qua
946 1941 1076 1982 πρέπον
1095 1940 1275 1984 (decorum)
1295 1941 1330 1972 in
1348 1941 1528 1983 praeceptis

214 1997 488 2040 pronuntiationis
516 1997 675 2028 utebatur.
704 1995 743 2028 In
767 1996 948 2028 elocutione
972 1995 1057 2028 enim
1080 1995 1197 2027 favisse
1221 2006 1294 2027 eum
1313 1994 1427 2027 virtuti
1454 1994 1530 2036 πρέ-

214 2062 336 2089 ποντος
350 2051 504 2082 videmus.
533 2050 581 2082 De
601 2050 716 2082 decoro
732 2050 765 2081 in
780 2049 1043 2091 pronuntiatione
1057 2048 1212 2081 servando
1228 2048 1389 2088 dixerunt,
1404 2050 1441 2080 ut
1455 2050 1530 2080 utar

215 2105 380 2146 exemplis.
410 2104 473 2136 Cic.
493 2104 542 2136 De
566 2104 619 2136 Or.
639 2103 654 2135 I
671 2104 744 2145 132,
772 2103 896 2136 Auctor
920 2103 960 2136 ad.
979 2103 1052 2135 Her.
1068 2101 1249 2144 11123sqq.
1278 2101 1454 2134 Adhibitus
1479 2103 1530 2133 est

214 2159 298 2190 liber
316 2158 532 2200 Theophrasti
552 2169 570 2189 a
589 2157 742 2190 Cicerone
758 2157 805 2188 De
821 2156 872 2188 Or.
888 2156 937 2188 III
952 2157 1091 2198 215sqq.
1112 2156 1166 2198 (cf.
1182 2155 1244 2187 221
1262 2157 1294 2187 et
1313 2155 1366 2187 Or.
1382 2154 1524 2198 55sqq.).

215 2248 259 2274 est
278 2246 419 2273 evidentia
434 2246 486 2278 vel,
501 2246 533 2272 ut
548 2245 598 2272 alii
617 2246 724 2279 dicunt,
742 2244 974 2280 repraesentatio,
993 2253 1078 2278 quam
1097 2243 1292 2278 perspicuitas,
1307 2245 1335 2270 et
1349 2243 1421 2270 illud
1438 2244 1528 2278 patet,

214 2288 269 2314 hoc
289 2296 318 2313 se
338 2286 545 2321 quodammodo
564 2286 716 2312 ostendit·‘.

307 2329 332 2360 1)
352 2327 393 2354 Cf.
413 2327 449 2353 M.
466 2326 607 2353 Schmidt:
628 2326 669 2353 De
688 2326 880 2360 Theophrasto
899 2325 1011 2352 rhetore
1030 2334 1056 2359 p.
1069 2328 1111 2351 61.
