1566 2592
196 140 240 172 84
777 141 870 176 Caput
887 141 933 168 VI.

192 223 366 254 notuerint.
396 221 489 260 Quod
508 233 583 254 vero
603 223 726 264 plures,
750 234 846 264 quam
870 223 1051 256 imitatione
1075 223 1165 267 digni
1189 225 1267 266 sint,
1293 224 1452 267 attulerit,
1476 225 1510 258 id
1554 239 1555 242 ¹

193 288 232 308 ex
251 276 420 318 proposito
439 276 558 308 factum
580 287 648 308 esse
669 276 822 318 explicat,
845 279 882 309 ut
901 279 1043 309 oratores
1062 277 1240 320 Romanos,
1264 281 1421 320 quantum
1439 278 1509 312 fieri
1554 294 1556 298 ’

193 330 306 372 possit,
325 330 492 362 universos
512 330 654 373 colligat.
683 329 732 362 De
753 330 867 362 Crasso
888 332 999 363 contra
1018 330 1165 363 Atticum
1184 331 1313 364 videtur
1331 332 1365 363 in
1383 334 1509 364 senten·
1554 342 1557 351 ‘¹

192 383 239 415 tia
257 394 470 425 perseverare.
500 382 591 415 Sicut
610 395 707 425 supra
726 395 799 415 eum
819 386 886 415 tam
905 384 1083 425 perfectum
1102 384 1259 417 laudavit:
1284 385 1350 427 „Ut
1368 396 1406 418 eo
1425 386 1510 419 nihil
1558 383 1566 419 ξ

191 437 292 469 ferme
312 437 483 479 quisquam
503 437 616 469 addere
635 439 758 478 posset,
782 437 844 469 nisi
865 438 920 479 qui
940 449 958 469 a
977 437 1199 480 philosophia,
1217 450 1236 470 a
1255 439 1324 471 iure
1343 438 1447 480 civili,
1465 439 1507 472 ab
1564 437 1566 467 ἶ

190 490 327 522 historia
349 490 465 522 fuisset
488 491 695 523 instructioff‘
718 493 815 532 atque
839 491 941 523 Bruto
965 492 1144 533 quaerenti:
1171 491 1263 534 „Erit
1288 494 1344 524 aut
1369 492 1432 524 iam
1458 494 1509 525 est

191 544 266 586 iste,
286 555 381 586 quem
401 545 606 586 exspectas?“
629 545 808 586 respondit:
827 544 993 586 ,‚Nescio“,
1011 547 1048 576 ut
1067 546 1173 587 quivis
1194 545 1379 578 Ciceronem
1399 546 1507 588 ipsum
1564 541 1566 578 s

191 598 365 641 significari
390 598 605 640 intellegeret,
629 598 674 630 ita
693 598 755 630 hoc
774 609 902 640 quoque
921 598 992 630 loco
1012 598 1134 631 indicat
1153 610 1187 631 se
1210 599 1396 641 perfecisse,
1419 599 1508 642 quod

191 650 325 683 Crassus
345 651 553 683 inchoaverit.
581 651 669 692 „Nec
687 652 721 683 in
740 651 803 683 hoc
821 652 958 684 ironiam
978 651 1107 684 duxeris
1127 663 1208 694 esse,
1233 653 1320 694 quod
1343 664 1413 685 eam
1437 663 1507 685 ora-

189 705 311 737 tionem
332 705 412 737 mihi
433 706 621 746 magistram
641 705 741 737 fuisse
761 705 907 736 dixerim.
935 704 1020 737 Nam
1040 705 1101 737 etsi
1125 707 1162 737 tu
1185 706 1300 738 melius
1323 706 1507 740 existimare

191 759 309 790 videris
336 759 374 790 de
401 770 450 800 ea,
477 759 503 790 si
531 770 626 800 quam
652 769 738 790 nunc
763 759 934 800 habemus,
960 759 1126 801 facultate,
1152 761 1260 791 tamen
1278 758 1507 803 adolescentes,

188 812 266 854 quid
286 812 319 844 in
338 812 463 844 Latinis
482 813 592 854 potius
611 811 820 853 imitaremur,
839 823 904 844 non
923 812 1149 844 habebamus.“

278 875 361 907 Tota
375 875 476 918 igitur
489 875 550 906 hac
565 875 762 918 digressione
777 874 967 916 declaratur,
986 875 1148 916 quomodo
1164 874 1275 907 Cicero
1291 886 1344 908 eas
1358 875 1504 919 virtutes,

188 939 268 970 quas
295 929 329 960 in
354 928 516 960 veteribus
543 929 726 960 oratoribus
752 928 878 960 Latinis
904 939 1026 961 morem
1053 928 1210 961 librorum
1237 928 1312 971 περὶ
1338 930 1504 972 μιμήσεως

187 984 317 1014 secutus
345 982 504 1023 laudavit,
532 983 571 1014 ab
601 982 789 1023 aequalibus
817 982 943 1014 dicendi
971 982 1126 1014 studiosis
1152 982 1333 1015 intellectas
1356 982 1504 1015 voluerit.

186 1035 255 1067 Iam
275 1036 432 1078 exemplis
452 1035 569 1068 ‘Bruti’
589 1036 708 1068 iudicia
735 1036 926 1068 illustranda
951 1039 1040 1068 sunt:
1067 1035 1177 1077 Atque
1205 1037 1346 1078 primum
1375 1036 1505 1079 quidem

187 1089 251 1121 duo
271 1090 370 1121 affero
391 1091 538 1132 exempla
558 1090 598 1121 ad
617 1090 718 1122 totius
738 1091 817 1122 artis
835 1090 1043 1132 partitionem
1064 1089 1334 1131 cognoscendam:

277 1150 425 1183 Curionis
444 1152 632 1184 facultatem
653 1151 765 1184 Cicero
791 1153 882 1193 parvi
909 1151 1065 1185 aestimat.
1095 1151 1157 1190 Qui
1184 1163 1258 1184 cum
1284 1163 1402 1185 nomen
1425 1152 1504 1185 clari

187 1206 324 1237 oratoris
350 1206 484 1247 adeptus
511 1205 567 1248 sit,
596 1205 637 1237 ad
663 1216 757 1237 suum
784 1205 822 1237 de
849 1216 886 1237 eo
912 1206 1068 1238 iudicium
1095 1206 1350 1238 confirmandum
1376 1205 1504 1238 Tullius

186 1259 329 1301 quinque
355 1261 464 1301 partes
490 1259 582 1301 artis,
609 1259 742 1301 εὕρεσιν
767 1259 860 1298 τάξιν
886 1258 975 1298 λέξιν
1001 1259 1180 1301 ὑπόκρισιν
1205 1261 1338 1301 μνήμην
1361 1259 1503 1292 breviter

185 1314 353 1355 percenset
373 1313 476 1355 (Brut.
498 1313 563 1345 214
574 1312 667 1355 sqq.).
696 1313 778 1345 Erat
797 1313 908 1344 tardus
926 1313 960 1344 in
980 1313 1075 1345 rebus
1093 1314 1302 1354 inveniendis,
1328 1313 1503 1355 dissipatus

185 1366 220 1398 in
239 1367 434 1408 collocandis,
453 1367 486 1398 in
506 1367 632 1399 actione
652 1378 726 1398 vero
747 1368 780 1398 et
793 1367 948 1398 memoria
963 1367 1042 1398 adeo
1058 1377 1130 1398 eum
1146 1366 1314 1398 deficiebat
1327 1366 1503 1410 ingenium,

186 1422 223 1452 ut
242 1420 343 1452 risum
363 1423 515 1453 moveret.
543 1420 617 1453 Una
636 1421 737 1463 igitur
756 1419 841 1458 λέξις
860 1419 1028 1462 splendore
1047 1420 1219 1452 verborum
1238 1422 1271 1452 et
1289 1421 1382 1462 copia
1399 1420 1503 1463 place-

186 1472 250 1505 bat.
288 1472 402 1515 Itaque
423 1473 532 1506 Cicero
562 1485 673 1506 omnes
703 1474 782 1506 artis
811 1476 918 1515 partes
947 1474 1068 1506 oratori
1095 1475 1289 1506 necessarias
1317 1484 1386 1506 esse
1413 1476 1503 1506 ratus
1548 1492 1550 1494 ·

187 1525 320 1558 Curioni
340 1527 477 1569 gloriam
497 1527 648 1569 detrahit,
669 1539 764 1569 quam
785 1527 934 1569 aequales
953 1538 1068 1569 parum
1088 1527 1192 1560 critici
1211 1527 1241 1559 ei
1261 1526 1424 1560 dederuut.
1455 1526 1503 1560 Si-

184 1581 254 1612 mili
272 1581 399 1612 ratione
419 1581 574 1612 iudicium
595 1581 633 1613 de
648 1580 792 1613 Antonio
807 1581 1002 1614 instructum
1018 1582 1075 1613 est.
1104 1581 1248 1613 Primum
1264 1581 1303 1612 de
1317 1581 1502 1613 inventione

184 1634 397 1667 collocatione
416 1635 572 1667 memoria
591 1634 731 1667 breviter
750 1635 828 1666 dicit
843 1633 948 1678 (139),
966 1634 1074 1677 pergit
1094 1634 1132 1666 de
1147 1634 1328 1666 elocutione
1343 1632 1502 1677 (140sq.)‚

185 1687 323 1730 denique
343 1688 411 1720 eius
431 1689 590 1720 actionem
611 1688 731 1730 laudat,
750 1699 814 1730 qua
833 1688 972 1720 maxime
991 1688 1178 1720 excelluerit
1197 1687 1275 1730 (141
1287 1686 1358 1730 sq.).
1386 1687 1502 1725 Quam-

184 1752 281 1783 quam
307 1742 342 1773 in
367 1743 536 1783 perpaucis
563 1742 691 1774 iudiciis
718 1753 828 1774 omnes
855 1744 962 1783 partes
988 1743 1158 1783 apparent,
1185 1743 1295 1773 tamen
1320 1741 1381 1773 toti
1409 1741 1500 1784 operi

184 1795 295 1827 subest
310 1796 389 1827 artis
403 1795 580 1828 rhetoricae
595 1796 756 1836 διαίρεσις
770 1796 803 1826 in
824 1795 966 1837 quinque
981 1795 1054 1827 illas
1071 1797 1186 1836 partes.
1194 1794 1218 1836 1)
1246 1794 1374 1826 Tertiae
1391 1796 1500 1827 autem

183 1850 277 1891 parti,
298 1860 379 1890 quae
398 1851 447 1881 est
467 1849 505 1880 de
525 1849 715 1890 elocutione,
734 1849 838 1880 maius
859 1860 955 1890 quam
975 1849 1090 1880 ceteris
1109 1850 1142 1880 et
1161 1848 1287 1890 pondus
1307 1850 1339 1880 et
1357 1848 1499 1890 spatium

183 1902 377 1934 conceditur.
407 1902 495 1940 Quae
516 1903 679 1944 quomodo
700 1903 802 1934 divisa
822 1902 873 1944 sit,
893 1903 956 1934 iam
976 1904 1025 1934 est
1044 1901 1224 1934 videndum.

603 2010 628 2042 I.
649 2009 810 2042 Latinitas
830 2008 1076 2052 (ἑλληνισμός).
1558 2038 1566 2062 ³.

273 2072 326 2104 Br.
344 2072 406 2104 133
422 2071 586 2115 (Catulus)
607 2072 682 2104 Fuit
702 2073 802 2115 igitur
822 2073 855 2104 in
871 2072 986 2104 Catulo
1006 2083 1110 2103 sermo
1130 2071 1275 2113 Latinus,
1295 2081 1377 2112 quae
1394 2069 1497 2114 laus¹)
1556 2069 1566 2110 ἓ

183 2126 309 2159 dicendi
328 2137 394 2158 non
413 2125 582 2158 mediocris
602 2125 642 2157 ab
657 2126 839 2158 oratoribus
854 2126 1016 2168 plerisque
1030 2125 1177 2167 neglecta
1192 2127 1248 2157 est.
1277 2124 1371 2167 (1322
1390 2123 1499 2157 Incor-
1558 2164 1566 2176 ᾗ

182 2182 278 2222 rupta
297 2180 453 2222 quaedam
473 2179 581 2211 Latini
601 2179 757 2211 sermonis
777 2178 970 2222 integritas.)

274 2283 299 2316 1)
319 2281 413 2308 Etiam
432 2282 510 2308 Brut.
530 2285 571 2308 25.

274 2324 300 2356 2)
319 2322 358 2348 Ut
376 2322 405 2348 in
425 2322 542 2348 Oratore
563 2324 595 2348 79
614 2329 715 2348 nomen
735 2321 841 2354 ἀρετῶν
860 2320 983 2347 reddidit
1002 2320 1138 2347 vocabulo
1159 2319 1289 2346 ‘laudes'.
