1566 2592
253 142 297 172 64
843 142 935 177 Caput
950 142 983 169 V.

251 223 408 264 repetitis,
428 223 545 265 quibus
565 226 719 265 quattuor
737 224 912 257 virtutibus
931 235 964 256 se
979 225 1028 256 uti
1049 225 1198 268 affirmat,
1216 237 1276 258 nos
1297 227 1391 259 fidem
1411 227 1566 271 denegare

250 277 422 318 possimus.
451 276 560 319 Atque
578 277 657 310 haec
677 278 805 319 quidem
826 278 865 310 de
885 278 1068 310 virtutibus.

340 330 543 363 Postremum
563 333 671 363 autem
686 331 845 373 Mayerus,
864 331 897 363 id
917 332 1004 373 quod
1023 334 1134 364 nostra
1154 333 1245 365 valde
1264 334 1408 376 interest,
1427 335 1462 367 in
1480 334 1566 367 libro

249 385 365 416 octavo
385 383 578 422 Quintiliani
598 385 660 417 tria
683 385 809 417 dicendi
836 395 953 428 genera
979 385 1042 417 sibi
1070 385 1196 418 videtur
1221 386 1389 419 invenisse.
1417 387 1493 421 Non
1511 388 1566 421 du-

248 437 331 469 bitat
359 437 400 470 iis
428 438 624 481 subiungere
644 437 725 470 VIII
745 438 843 481 praef.
863 440 903 479 §5
925 438 1055 471 18-22
1071 441 1104 471 et
1117 439 1170 480 33,
1198 439 1279 472 VIII
1301 441 1460 483 3,1——11‚
1488 441 1566 475 VIII

247 491 279 532 3,
292 491 309 523 7
326 494 357 523 et
372 491 491 533 44sqq.
510 491 590 523 VIII
605 492 635 533 3,
647 492 779 524 11—14
795 490 848 534 (cf.
863 491 906 523 M.
921 503 950 534 p.
967 492 1027 523 XX
1037 492 1206 535 prolegg.).
1231 493 1329 526 Plura
1343 505 1454 527 eorum
1470 495 1566 528 vesti-

247 544 302 587 gia
316 555 356 576 ne
371 545 441 587 ipse
457 545 588 586 quidem
605 546 733 577 detexit.
763 545 825 577 Sed
839 545 919 577 haec
933 545 996 577 iam
1013 557 1126 587 parum
1141 549 1252 588 aperta
1266 550 1349 580 sunt.
1379 548 1463 587 Quid
1478 549 1566 592 quod

247 610 289 630 ne
308 599 440 630 nomina
464 599 594 640 quidem
613 600 709 631 trium
731 609 885 641 generum
906 599 1056 631 omnibus
1075 599 1140 631 illis
1159 600 1239 632 locis
1258 602 1484 643 reperiuntur?
1506 602 1564 635 At-

247 663 309 693 que
324 652 411 693 quod
426 653 459 684 in
478 653 678 694 praefatione
697 652 889 685 elocutionis
908 653 1027 684 dicitur
1040 653 1144 684 varias
1160 664 1229 685 esse
1244 653 1413 696 eloquendi
1432 656 1562 698 formas,

245 716 349 747 neque
373 717 507 738 numero
534 717 638 748 neque
666 707 797 738 nomine
817 706 881 738 illis
907 706 1012 738 tribus
1039 706 1170 748 similes,
1195 718 1347 740 verumne
1365 708 1399 740 id
1417 710 1563 742 testimo-

244 759 335 791 nium
355 759 511 801 putatur?
534 759 585 791 An
600 760 639 791 de
654 760 742 791 vitiis
763 771 844 801 quae
864 762 1070 801 exponuntur
1089 759 1168 791 VIII
1183 760 1213 800 3,
1223 761 1276 802 44,
1296 761 1335 793 ad
1354 763 1418 794 tria
1437 762 1561 796 dicendi

245 823 362 855 genera
377 813 493 844 deferri
509 815 666 855 possunt?
680 813 730 845 Ne
740 813 924 854 πρέποντος
940 813 1069 855 quidem
1081 813 1185 846 brevis
1196 816 1228 845 et
1242 825 1261 845 a
1274 816 1442 857 proposito
1457 815 1563 849 aliena

244 867 366 899 mentio
392 866 471 898 VIII
486 867 661 908 3,11—14
688 869 821 899 nomina
849 878 1000 909 generum
1026 867 1123 899 habet
1145 879 1250 910 neque
1273 868 1372 911 digna
1394 871 1456 911 est,
1479 880 1561 912 quae

244 920 453 954 inscribatur:
474 921 524 952 ‘de
544 931 605 952 usu
629 931 782 963 generum
803 920 940 952 dicendi'
960 919 1022 963 (sic
1041 920 1083 952 M.
1104 933 1134 963 p.
1149 921 1233 964 XX).
1262 922 1366 954 Nobis
1389 933 1455 955 non
1479 934 1560 965 opus

234 977 291 1005 est
310 976 418 1005 mente
438 974 597 1015 conicere,
618 985 681 1015 qua
701 974 819 1006 Fabius
840 974 986 1006 debuerit
1004 975 1127 1006 ratione
1147 975 1195 1007 uti
1215 976 1255 1007 ad
1276 987 1395 1017 genera
1413 976 1476 1009 tria
1493 977 1559 1010 elo-

240 1027 383 1059 cutionis
399 1028 598 1069 explicanda,
613 1028 766 1069 quoniam
782 1027 851 1069 ipse
866 1027 930 1059 alia
949 1028 1055 1069 operis
1074 1030 1174 1071 parte,
1193 1040 1256 1070 qua
1270 1040 1334 1061 non
1354 1029 1423 1073 agit
1437 1029 1476 1062 de
1489 1030 1560 1073 ipss.

234 1080 434 1123 elocutione,
453 1093 490 1113 ea
510 1093 628 1124 genera
647 1081 807 1123 tractavit,
827 1081 952 1114 scilicet
970 1082 1004 1113 in
1023 1082 1212 1114 duodecimo
1231 1082 1316 1115 libro
1336 1083 1404 1127 (10,
1414 1083 1456 1116 58
1465 1083 1558 1127 sqq.).

241 1134 351 1175 Atque
371 1135 428 1167 illa
443 1136 499 1176 qui
518 1135 605 1178 leget
619 1137 652 1167 et
671 1146 742 1167 cum
763 1135 844 1167 locis
862 1135 938 1166 libri
959 1136 1065 1168 octavi
1080 1147 1099 1167 a
1112 1135 1244 1177 Mayero
1264 1136 1365 1168 isdem
1385 1137 1558 1180 generibus

242 1188 374 1220 tributis
395 1189 604 1230 comparabit,
623 1190 718 1231 plura
737 1189 776 1220 ad
795 1189 999 1220 refutandum
1019 1200 1083 1221 non
1103 1190 1291 1231 postulabit.

329 1242 380 1273 Ex
395 1242 596 1280 Quintiliano
617 1242 824 1284 cognoscitur
843 1245 875 1274 et
895 1253 958 1284 qua
977 1243 1168 1275 auctoritate
1187 1243 1270 1276 ratio
1290 1243 1407 1282 λέξεως
1421 1254 1440 1275 a
1453 1243 1556 1276 Theo-

239 1295 373 1336 phrasto
389 1297 516 1338 prolata
531 1306 590 1328 usa
605 1296 647 1327 sit
661 1298 694 1327 et
709 1296 786 1337 quid
801 1295 948 1327 Ciceroni
964 1296 1117 1328 debeatur
1131 1297 1164 1328 in
1179 1297 1240 1328 hac
1258 1298 1382 1329 ratione
1396 1297 1437 1329 ad
1450 1300 1557 1340 poste-

239 1349 369 1381 ritatem
388 1349 552 1381 tradenda.

329 1402 408 1434 Post
424 1402 608 1434 Ciceronem
626 1405 658 1434 et
673 1403 909 1441 Quintilianum
927 1404 1053 1435 nonita
1072 1405 1211 1436 multum
1231 1404 1324 1444 valet,
1343 1405 1431 1446 quod
1449 1415 1555 1438 reeen-

237 1456 336 1488 tiores
362 1467 490 1497 quoque
510 1457 656 1488 rhetores
675 1456 785 1488 Latini
804 1457 931 1489 easdem
956 1459 1110 1499 quattuor
1129 1457 1264 1490 virtutes
1283 1461 1421 1490 tractare
1440 1458 1554 1491 solent.

239 1508 301 1546 Qui
322 1520 392 1541 cum
416 1510 577 1550 differunt,
597 1510 742 1542 mutandi
757 1510 840 1542 ratio
859 1511 954 1542 facile
976 1511 1182 1554 intellegitur.
1213 1511 1428 1544 Gravissimus
1442 1523 1554 1545 eorum

236 1563 330 1603 testis
345 1563 597 1595 Fortunatianus
616 1564 752 1596 virtutes
772 1564 830 1595 has
845 1566 1011 1596 enumerat
1029 1576 1059 1606 p.
1077 1565 1140 1597 125
1161 1564 1302 1608 (Halm):
1321 1564 1427 1607 „Quae
1442 1565 1506 1598 alia
1519 1566 1553 1598 in

235 1617 419 1648 elocutione
440 1617 639 1649 observanda
658 1618 756 1650 sunt?
775 1617 820 1649 Ut
834 1618 932 1650 verba
950 1618 1015 1650 sint
1029 1618 1153 1660 Latina,
1171 1621 1291 1660 aperta,
1310 1621 1431 1661 ornata,
1450 1619 1552 1661 apta“.

230 1669 339 1702 Iulius
361 1670 477 1702 Victor
500 1670 544 1713 (p.
559 1671 686 1714 431H.)
714 1672 817 1703 omnis
845 1672 964 1713 pendet
992 1683 1010 1703 a
1034 1671 1196 1704 Ciceronis
1220 1672 1269 1704 De
1293 1671 1428 1705 Oratore
1449 1672 1552 1706 libris.

235 1722 415 1755 Martianus
436 1723 567 1766 Capella
591 1725 628 1756 de
647 1725 822 1757 virtutibus
842 1725 910 1768 agit
929 1737 960 1767 p.
974 1725 1040 1757 472
1061 1725 1194 1768 (excidit
1213 1725 1364 1769 πρέπον),
1384 1725 1551 1759 Cassiodo-

235 1788 289 1808 rus
309 1788 338 1818 p.
355 1777 420 1809 515
444 1777 521 1819 (hoc
546 1778 670 1809 ordine:
698 1778 826 1819 πρέπον
850 1778 884 1821 (ξ
902 1777 934 1821 1)
959 1779 1125 1820 Latinum,
1150 1779 1370 1821 perspicuum,
1397 1790 1495 1811 suave
1517 1782 1551 1812 et

234 1829 400 1873 facetum).

323 1883 391 1915 Iam
411 1885 489 1916 satis
509 1885 636 1916 firmata
659 1887 708 1916 est
732 1887 843 1917 nostra
863 1886 900 1917 de
925 1886 1128 1926 Theophrasti
1149 1890 1217 1918 arte
1241 1885 1357 1925 λέξεως
1380 1886 1550 1929 sententia,

234 1939 271 1969 ut
290 1937 329 1968 ad
350 1948 404 1969 eos
423 1938 561 1970 transire
580 1939 741 1980 possimus
760 1941 872 1980 testes,
896 1939 966 1981 qui,
989 1941 1026 1971 ut
1049 1939 1131 1971 solet
1154 1939 1224 1971 fieri
1248 1939 1459 1972 ducentorum
1481 1939 1548 1972 fere

226 2002 388 2022 vannorum
411 1991 516 2033 spatio
535 1992 761 2034 intercedente,
779 2004 893 2034 puram
914 1993 1001 2025 illius
1026 1992 1205 2025 doctrinam
1225 1995 1392 2034 mutatam,
1411 1995 1548 2034 auctam,

232 2045 394 2076 turbatam
415 2046 597 2078 ostendunt.

321 2098 372 2130 Ex
399 2098 516 2140 quibus
541 2099 682 2140 primum
709 2100 805 2132 affero
825 2099 1016 2140 Auctorem,
1042 2101 1098 2142 qui
1123 2100 1163 2132 ad
1183 2099 1382 2132 Herennium
1407 2100 1547 2143 scripsit,

231 2152 285 2193 qui
302 2154 377 2193 post
390 2154 499 2184 notam
517 2152 554 2183 dc
574 2152 730 2194 exemplis
745 2153 874 2195 proprie
892 2153 1052 2195 fingendis
1071 2153 1305 2195 praefationem
1320 2153 1452 2186 libriIV
1466 2153 1544 2186 duas

231 2206 310 2237 facit
328 2208 437 2247 partes
457 2206 648 2238 elocutionis
678 2205 797 2249 (§10):
824 2207 1003 2248 „Bipertita
1026 2207 1127 2250 igitur
1146 2207 1207 2239 erit
1232 2207 1326 2240 nobis
1352 2208 1544 2240 elocutionis

230 2260 424 2301 praeceptio.
445 2259 590 2292 Primum
606 2260 757 2301 dicemus,
776 2261 893 2301 quibus
909 2261 943 2292 in
957 2261 1128 2303 generibus
1144 2272 1269 2302 semper
1283 2261 1388 2293 omnis
1403 2261 1544 2293 oratoria

223 2312 368 2344 elocutio
389 2313 502 2345 debeat
517 2324 592 2354 esse,
608 2313 721 2344 deinde
737 2314 952 2355 ostendemus,
967 2325 1046 2356 quas
1061 2325 1111 2346 res
1127 2325 1252 2356 semper
1270 2314 1388 2347 habere
1403 2314 1543 2346 debeat.“
