<?xml version="1.0" encoding="UTF-8"?>
<!DOCTYPE html PUBLIC "-//W3C//DTD XHTML 1.0 Transitional//EN"
    "http://www.w3.org/TR/xhtml1/DTD/xhtml1-transitional.dtd">
<html xmlns="http://www.w3.org/1999/xhtml" xml:lang="en" lang="en">
 <head>
  <title>
</title>
<meta http-equiv="Content-Type" content="text/html;charset=utf-8" />
  <meta name='ocr-system' content='tesseract 3.04.00' />
  <meta name='ocr-capabilities' content='ocr_page ocr_carea ocr_par ocr_line ocrx_word'/>
</head>
<body>
  <div class='ocr_page' id='page_1' title='image "./detheophrastivir00strouoft_0118.png"; bbox 0 0 1566 2592; ppageno 0'>
   <div class='ocr_carea' id='block_1_1' title="bbox 165 124 915 161">
    <p class='ocr_par' dir='ltr' id='par_1_1' title="bbox 165 124 915 161">
     <span class='ocr_line' id='line_1_1' title="bbox 165 124 915 161; baseline -0.005 -5"><span class='ocrx_word' id='word_1_1' title='bbox 165 124 227 156; x_wconf 87' lang='grc'><strong>108</strong></span> <span class='ocrx_word' id='word_1_2' title='bbox 733 125 825 161; x_wconf 84' lang='lat' dir='ltr'><strong>Caput</strong></span> <span class='ocrx_word' id='word_1_3' title='bbox 843 126 915 153; x_wconf 84' lang='lat' dir='ltr'><strong>VIII.</strong></span> 
     </span>
    </p>
   </div>
   <div class='ocr_carea' id='block_1_2' title="bbox 158 207 1480 252">
    <p class='ocr_par' dir='ltr' id='par_1_2' title="bbox 158 207 1480 252">
     <span class='ocr_line' id='line_1_2' title="bbox 158 207 1480 252; baseline 0.004 -14"><span class='ocrx_word' id='word_1_4' title='bbox 158 207 283 247; x_wconf 74' lang='lat' dir='ltr'><strong>friqida</strong></span> <span class='ocrx_word' id='word_1_5' title='bbox 316 207 461 239; x_wconf 87' lang='lat' dir='ltr'><strong>oratione</strong></span> <span class='ocrx_word' id='word_1_6' title='bbox 494 207 675 250; x_wconf 84' lang='lat' dir='ltr'><strong>coniungit:</strong></span> <span class='ocrx_word' id='word_1_7' title='bbox 709 208 868 246; x_wconf 80' lang='grc' dir='ltr'><em>πολλάκις</em></span> <span class='ocrx_word' id='word_1_8' title='bbox 898 208 1011 249; x_wconf 80' lang='grc' dir='ltr'><em>μέντοι</em></span> <span class='ocrx_word' id='word_1_9' title='bbox 1044 210 1081 242; x_wconf 86' lang='grc' dir='ltr'><strong>τὸ</strong></span> <span class='ocrx_word' id='word_1_10' title='bbox 1114 209 1176 251; x_wconf 83' lang='grc' dir='ltr'><strong>μὲν</strong></span> <span class='ocrx_word' id='word_1_11' title='bbox 1203 211 1369 252; x_wconf 79' lang='grc' dir='ltr'><em>διανόημα</em></span> <span class='ocrx_word' id='word_1_12' title='bbox 1396 210 1480 244; x_wconf 78' lang='grc' dir='ltr'><strong>αὐτὸ</strong></span> 
     </span>
    </p>
   </div>
   <div class='ocr_carea' id='block_1_3' title="bbox 161 260 1478 359">
    <p class='ocr_par' dir='ltr' id='par_1_3' title="bbox 161 260 1478 359">
     <span class='ocr_line' id='line_1_3' title="bbox 161 260 1478 307; baseline 0.004 -15"><span class='ocrx_word' id='word_1_13' title='bbox 161 262 294 302; x_wconf 78' lang='grc' dir='ltr'><em>ψυχρόν</em></span> <span class='ocrx_word' id='word_1_14' title='bbox 313 262 347 293; x_wconf 83' lang='grc' dir='ltr'><strong>τί</strong></span> <span class='ocrx_word' id='word_1_15' title='bbox 365 261 434 293; x_wconf 84' lang='grc' dir='ltr'><em>ἐστι</em></span> <span class='ocrx_word' id='word_1_16' title='bbox 454 260 533 301; x_wconf 83' lang='grc' dir='ltr'><em>καὶ,</em></span> <span class='ocrx_word' id='word_1_17' title='bbox 553 261 601 299; x_wconf 85' lang='grc' dir='ltr'><strong>ὡς</strong></span> <span class='ocrx_word' id='word_1_18' title='bbox 620 266 695 294; x_wconf 92' lang='grc' dir='ltr'><strong>νῦν</strong></span> <span class='ocrx_word' id='word_1_19' title='bbox 714 262 972 303; x_wconf 81' lang='grc' dir='ltr'><em>ὀνομάζομεν,</em></span> <span class='ocrx_word' id='word_1_20' title='bbox 991 263 1208 304; x_wconf 78' lang='grc' dir='ltr'><em>κακόζηλον</em></span> <span class='ocrx_word' id='word_1_21' title='bbox 1223 263 1327 307; x_wconf 81' lang='lat'>(239).</span> <span class='ocrx_word' id='word_1_22' title='bbox 1354 263 1478 303; x_wconf 78' lang='lat' dir='ltr'><strong>Quarto</strong></span> 
     </span>
     <span class='ocr_line' id='line_1_4' title="bbox 161 314 1478 359; baseline 0.003 -13"><span class='ocrx_word' id='word_1_23' title='bbox 161 314 299 356; x_wconf 86' lang='lat' dir='ltr'><strong>denique</strong></span> <span class='ocrx_word' id='word_1_24' title='bbox 320 315 419 358; x_wconf 78' lang='grc' dir='ltr'><em>δεινῷ</em></span> <span class='ocrx_word' id='word_1_25' title='bbox 435 320 615 357; x_wconf 81' lang='grc' dir='ltr'><strong><em>χαρακτῆρι</em></strong></span> <span class='ocrx_word' id='word_1_26' title='bbox 635 315 828 357; x_wconf 83' lang='lat' dir='ltr'><strong>respondere</strong></span> <span class='ocrx_word' id='word_1_27' title='bbox 847 316 941 348; x_wconf 89' lang='lat' dir='ltr'><strong>docet</strong></span> <span class='ocrx_word' id='word_1_28' title='bbox 954 316 991 347; x_wconf 80' lang='grc' dir='ltr'><strong>τὸ</strong></span> <span class='ocrx_word' id='word_1_29' title='bbox 1011 316 1124 358; x_wconf 80' lang='grc' dir='ltr'><em>ἄχαρι;</em></span> <span class='ocrx_word' id='word_1_30' title='bbox 1143 316 1199 348; x_wconf 88' lang='lat' dir='ltr'><strong>sed</strong></span> <span class='ocrx_word' id='word_1_31' title='bbox 1214 317 1246 348; x_wconf 90' lang='lat' dir='ltr'><strong>id</strong></span> <span class='ocrx_word' id='word_1_32' title='bbox 1260 328 1389 359; x_wconf 84' lang='lat' dir='ltr'><strong>quoque</strong></span> <span class='ocrx_word' id='word_1_33' title='bbox 1404 328 1478 350; x_wconf 85' lang='lat' dir='ltr'><strong>cum</strong></span> 
     </span>
    </p>
   </div>
   <div class='ocr_carea' id='block_1_4' title="bbox 160 369 1551 413">
    <p class='ocr_par' dir='ltr' id='par_1_4' title="bbox 160 369 1551 413">
     <span class='ocr_line' id='line_1_5' title="bbox 160 369 1551 413; baseline 0.004 -14"><span class='ocrx_word' id='word_1_34' title='bbox 160 373 278 410; x_wconf 75' lang='grc' dir='ltr'><strong><em>ψυχρῷ</em></strong></span> <span class='ocrx_word' id='word_1_35' title='bbox 299 369 391 410; x_wconf 85' lang='lat' dir='ltr'><strong>quasi</strong></span> <span class='ocrx_word' id='word_1_36' title='bbox 411 369 572 401; x_wconf 89' lang='lat' dir='ltr'><strong>cohaeret:</strong></span> <span class='ocrx_word' id='word_1_37' title='bbox 599 369 682 401; x_wconf 80' lang='grc' dir='ltr'><strong><em>ὥστε</em></strong></span> <span class='ocrx_word' id='word_1_38' title='bbox 702 370 757 401; x_wconf 84' lang='grc' dir='ltr'><strong>καὶ</strong></span> <span class='ocrx_word' id='word_1_39' title='bbox 777 369 896 411; x_wconf 80' lang='grc' dir='ltr'><em>ἄχαριν</em></span> <span class='ocrx_word' id='word_1_40' title='bbox 914 370 974 402; x_wconf 81' lang='grc' dir='ltr'><strong>τὸν</strong></span> <span class='ocrx_word' id='word_1_41' title='bbox 994 371 1094 411; x_wconf 82' lang='grc' dir='ltr'><em>λόγον</em></span> <span class='ocrx_word' id='word_1_42' title='bbox 1113 371 1178 411; x_wconf 82' lang='grc' dir='ltr'><strong>ἅμα</strong></span> <span class='ocrx_word' id='word_1_43' title='bbox 1196 370 1251 402; x_wconf 84' lang='grc' dir='ltr'><strong>καὶ</strong></span> <span class='ocrx_word' id='word_1_44' title='bbox 1275 372 1406 413; x_wconf 78' lang='grc' dir='ltr'><em>ψυχρὸν</em></span> <span class='ocrx_word' id='word_1_45' title='bbox 1424 383 1478 413; x_wconf 77' lang='grc' dir='ltr'><strong>γε-</strong></span> <span class='ocrx_word' id='word_1_46' title='bbox 1529 393 1532 396; x_wconf 92' lang='grc'>-</span> <span class='ocrx_word' id='word_1_47' title='bbox 1550 387 1551 390; x_wconf 57' lang='grc'>’</span> 
     </span>
    </p>
   </div>
   <div class='ocr_carea' id='block_1_5' title="bbox 153 421 1478 1274">
    <p class='ocr_par' dir='ltr' id='par_1_5' title="bbox 153 421 1478 1274">
     <span class='ocr_line' id='line_1_6' title="bbox 160 421 1478 469; baseline 0.003 -16"><span class='ocrx_word' id='word_1_48' title='bbox 160 421 282 454; x_wconf 79' lang='grc' dir='ltr'><em>νέσθαι</em></span> <span class='ocrx_word' id='word_1_49' title='bbox 302 421 406 465; x_wconf 84' lang='lat'>(304).</span> <span class='ocrx_word' id='word_1_50' title='bbox 435 421 487 454; x_wconf 86' lang='lat' dir='ltr'><strong>Ex</strong></span> <span class='ocrx_word' id='word_1_51' title='bbox 506 422 722 464; x_wconf 77' lang='lat' dir='ltr'><strong>descriptione</strong></span> <span class='ocrx_word' id='word_1_52' title='bbox 746 425 853 455; x_wconf 89' lang='lat' dir='ltr'><strong>autem</strong></span> <span class='ocrx_word' id='word_1_53' title='bbox 878 425 1054 464; x_wconf 81' lang='grc' dir='ltr'><em>γλαφυροῦ</em></span> <span class='ocrx_word' id='word_1_54' title='bbox 1078 429 1282 466; x_wconf 81' lang='grc' dir='ltr'><em>χαρακτῆρος</em></span> <span class='ocrx_word' id='word_1_55' title='bbox 1305 423 1478 469; x_wconf 83' lang='lat' dir='ltr'><strong>(128sqq.)</strong></span> 
     </span>
     <span class='ocr_line' id='line_1_7' title="bbox 159 475 1476 519; baseline 0.003 -12"><span class='ocrx_word' id='word_1_56' title='bbox 159 475 362 518; x_wconf 84' lang='lat' dir='ltr'><strong>inteUegitur</strong></span> <span class='ocrx_word' id='word_1_57' title='bbox 381 477 480 518; x_wconf 80' lang='grc' dir='ltr'><em>ἄχαρι</em></span> <span class='ocrx_word' id='word_1_58' title='bbox 499 476 603 508; x_wconf 88' lang='lat' dir='ltr'><strong>multo</strong></span> <span class='ocrx_word' id='word_1_59' title='bbox 623 476 741 508; x_wconf 89' lang='lat' dir='ltr'><strong>rectius</strong></span> <span class='ocrx_word' id='word_1_60' title='bbox 761 476 829 508; x_wconf 88' lang='lat' dir='ltr'><strong>eius</strong></span> <span class='ocrx_word' id='word_1_61' title='bbox 849 477 963 508; x_wconf 86' lang='lat' dir='ltr'><strong>vitium</strong></span> <span class='ocrx_word' id='word_1_62' title='bbox 984 477 1139 518; x_wconf 85' lang='lat' dir='ltr'><strong>appellari</strong></span> <span class='ocrx_word' id='word_1_63' title='bbox 1163 489 1259 519; x_wconf 87' lang='lat' dir='ltr'><strong>quam</strong></span> <span class='ocrx_word' id='word_1_64' title='bbox 1283 478 1407 511; x_wconf 80' lang='grc' dir='ltr'><em>δεινοῦ.</em></span> <span class='ocrx_word' id='word_1_65' title='bbox 1441 478 1476 511; x_wconf 83' lang='lat' dir='ltr'><strong>Si</strong></span> 
     </span>
     <span class='ocr_line' id='line_1_8' title="bbox 159 528 1476 575; baseline 0.004 -15"><span class='ocrx_word' id='word_1_66' title='bbox 159 528 261 571; x_wconf 86' lang='lat' dir='ltr'><strong>igitur</strong></span> <span class='ocrx_word' id='word_1_67' title='bbox 275 529 433 561; x_wconf 76' lang='lat' dir='ltr'>Demetrii</span> <span class='ocrx_word' id='word_1_68' title='bbox 453 532 607 571; x_wconf 87' lang='lat' dir='ltr'><strong>quattuor</strong></span> <span class='ocrx_word' id='word_1_69' title='bbox 626 530 743 562; x_wconf 78' lang='lat' dir='ltr'><strong>vitiesa</strong></span> <span class='ocrx_word' id='word_1_70' title='bbox 762 541 879 572; x_wconf 85' lang='lat' dir='ltr'><strong>genera</strong></span> <span class='ocrx_word' id='word_1_71' title='bbox 897 541 1130 572; x_wconf 81' lang='lat' dir='ltr'><strong>percenscmus,</strong></span> <span class='ocrx_word' id='word_1_72' title='bbox 1149 531 1274 564; x_wconf 89' lang='lat' dir='ltr'><strong>duobus</strong></span> <span class='ocrx_word' id='word_1_73' title='bbox 1289 532 1330 564; x_wconf 83' lang='lat' dir='ltr'><strong>iis</strong></span> <span class='ocrx_word' id='word_1_74' title='bbox 1348 533 1476 575; x_wconf 83' lang='lat' dir='ltr'><strong>generi—</strong></span> 
     </span>
     <span class='ocr_line' id='line_1_9' title="bbox 157 582 1475 627; baseline 0.003 -12"><span class='ocrx_word' id='word_1_75' title='bbox 157 582 218 615; x_wconf 86' lang='lat' dir='ltr'><strong>bus</strong></span> <span class='ocrx_word' id='word_1_76' title='bbox 239 583 374 625; x_wconf 87' lang='lat' dir='ltr'><strong>dicendi,</strong></span> <span class='ocrx_word' id='word_1_77' title='bbox 395 584 496 627; x_wconf 79' lang='grc' dir='ltr'><em>ἰσχνῷ</em></span> <span class='ocrx_word' id='word_1_78' title='bbox 512 583 583 616; x_wconf 86' lang='lat' dir='ltr'><strong>dico</strong></span> <span class='ocrx_word' id='word_1_79' title='bbox 599 586 631 615; x_wconf 90' lang='lat' dir='ltr'><strong>et</strong></span> <span class='ocrx_word' id='word_1_80' title='bbox 649 586 900 626; x_wconf 74' lang='grc' dir='ltr'><em>μεγαλοπρεπεῖ,</em></span> <span class='ocrx_word' id='word_1_81' title='bbox 920 595 1002 625; x_wconf 88' lang='lat' dir='ltr'><strong>quae</strong></span> <span class='ocrx_word' id='word_1_82' title='bbox 1021 595 1091 616; x_wconf 91' lang='lat' dir='ltr'><strong>cum</strong></span> <span class='ocrx_word' id='word_1_83' title='bbox 1107 583 1357 627; x_wconf 83' lang='lat' dir='ltr'><strong>Theophrasteis</strong></span> <span class='ocrx_word' id='word_1_84' title='bbox 1376 586 1475 619; x_wconf 84' lang='lat' dir='ltr'><strong>virtu-</strong></span> 
     </span>
     <span class='ocr_line' id='line_1_10' title="bbox 157 637 1476 682; baseline 0.003 -14"><span class='ocrx_word' id='word_1_85' title='bbox 157 637 245 668; x_wconf 91' lang='lat' dir='ltr'><strong>tibus</strong></span> <span class='ocrx_word' id='word_1_86' title='bbox 261 637 537 679; x_wconf 73' lang='lat' dir='ltr'><strong>propinquitatem</strong></span> <span class='ocrx_word' id='word_1_87' title='bbox 553 638 712 679; x_wconf 86' lang='lat' dir='ltr'><strong>quandam</strong></span> <span class='ocrx_word' id='word_1_88' title='bbox 725 637 854 678; x_wconf 85' lang='lat' dir='ltr'><strong>habent,</strong></span> <span class='ocrx_word' id='word_1_89' title='bbox 867 637 983 670; x_wconf 81' lang='lat' dir='ltr'><strong>vitiosa</strong></span> <span class='ocrx_word' id='word_1_90' title='bbox 996 649 1124 680; x_wconf 87' lang='lat' dir='ltr'><strong>quoque</strong></span> <span class='ocrx_word' id='word_1_91' title='bbox 1139 639 1335 680; x_wconf 85' lang='lat' dir='ltr'><strong>respondent</strong></span> <span class='ocrx_word' id='word_1_92' title='bbox 1348 650 1476 682; x_wconf 80' lang='lat' dir='ltr'><strong>genera,</strong></span> 
     </span>
     <span class='ocr_line' id='line_1_11' title="bbox 158 690 1474 735; baseline 0.002 -13"><span class='ocrx_word' id='word_1_93' title='bbox 158 701 240 731; x_wconf 89' lang='lat' dir='ltr'><strong>quae</strong></span> <span class='ocrx_word' id='word_1_94' title='bbox 260 701 331 722; x_wconf 89' lang='lat' dir='ltr'><strong>cum</strong></span> <span class='ocrx_word' id='word_1_95' title='bbox 352 691 491 732; x_wconf 87' lang='lat' dir='ltr'><strong>pristina</strong></span> <span class='ocrx_word' id='word_1_96' title='bbox 509 690 656 723; x_wconf 88' lang='lat' dir='ltr'><strong>doctrina</strong></span> <span class='ocrx_word' id='word_1_97' title='bbox 676 691 893 731; x_wconf 87' lang='lat' dir='ltr'><strong>consentiunt,</strong></span> <span class='ocrx_word' id='word_1_98' title='bbox 912 693 1088 733; x_wconf 78' lang='grc' dir='ltr'><em>γλαφυροῦ</em></span> <span class='ocrx_word' id='word_1_99' title='bbox 1108 694 1215 724; x_wconf 88' lang='lat' dir='ltr'><strong>autem</strong></span> <span class='ocrx_word' id='word_1_100' title='bbox 1235 694 1268 724; x_wconf 85' lang='lat' dir='ltr'><strong>et</strong></span> <span class='ocrx_word' id='word_1_101' title='bbox 1287 693 1401 725; x_wconf 80' lang='grc' dir='ltr'><em>δεινοῦ</em></span> <span class='ocrx_word' id='word_1_102' title='bbox 1420 705 1474 735; x_wconf 80' lang='grc' dir='ltr'><strong>χα-</strong></span> 
     </span>
     <span class='ocr_line' id='line_1_12' title="bbox 156 744 1474 786; baseline 0.002 -10"><span class='ocrx_word' id='word_1_103' title='bbox 156 749 334 786; x_wconf 80' lang='grc' dir='ltr'><em>ρακτῆρος,</em></span> <span class='ocrx_word' id='word_1_104' title='bbox 354 755 491 786; x_wconf 84' lang='lat' dir='ltr'><strong>quorum</strong></span> <span class='ocrx_word' id='word_1_105' title='bbox 516 745 550 776; x_wconf 89' lang='lat' dir='ltr'><strong>in</strong></span> <span class='ocrx_word' id='word_1_106' title='bbox 574 744 789 786; x_wconf 74' lang='lat' dir='ltr'><strong>descriptione</strong></span> <span class='ocrx_word' id='word_1_107' title='bbox 813 745 999 776; x_wconf 72' lang='lat' dir='ltr'><strong>recentioris</strong></span> <span class='ocrx_word' id='word_1_108' title='bbox 1023 746 1139 777; x_wconf 87' lang='lat' dir='ltr'><strong>aetatis</strong></span> <span class='ocrx_word' id='word_1_109' title='bbox 1162 745 1304 777; x_wconf 86' lang='lat' dir='ltr'><strong>studium</strong></span> <span class='ocrx_word' id='word_1_110' title='bbox 1329 748 1362 778; x_wconf 91' lang='lat' dir='ltr'><strong>et</strong></span> <span class='ocrx_word' id='word_1_111' title='bbox 1379 745 1474 778; x_wconf 77' lang='lat' dir='ltr'><strong>Asia-</strong></span> 
     </span>
     <span class='ocr_line' id='line_1_13' title="bbox 154 798 1474 841; baseline 0.002 -12"><span class='ocrx_word' id='word_1_112' title='bbox 154 798 253 829; x_wconf 87' lang='lat' dir='ltr'><strong>nismi</strong></span> <span class='ocrx_word' id='word_1_113' title='bbox 270 798 333 829; x_wconf 88' lang='lat' dir='ltr'><strong>vim</strong></span> <span class='ocrx_word' id='word_1_114' title='bbox 349 798 501 840; x_wconf 78' lang='lat' dir='ltr'><strong>cognosci</strong></span> <span class='ocrx_word' id='word_1_115' title='bbox 516 798 600 838; x_wconf 86' lang='lat' dir='ltr'><strong>licet,</strong></span> <span class='ocrx_word' id='word_1_116' title='bbox 615 798 771 830; x_wconf 86' lang='lat' dir='ltr'><strong>eiusmodi</strong></span> <span class='ocrx_word' id='word_1_117' title='bbox 788 801 863 830; x_wconf 90' lang='lat' dir='ltr'><strong>sunt</strong></span> <span class='ocrx_word' id='word_1_118' title='bbox 877 799 1104 840; x_wconf 76' lang='grc' dir='ltr'><strong>παρεκβάσεις,</strong></span> <span class='ocrx_word' id='word_1_119' title='bbox 1118 801 1155 830; x_wconf 90' lang='lat' dir='ltr'><strong>ut</strong></span> <span class='ocrx_word' id='word_1_120' title='bbox 1168 799 1208 831; x_wconf 86' lang='lat' dir='ltr'><strong>ab</strong></span> <span class='ocrx_word' id='word_1_121' title='bbox 1224 799 1295 841; x_wconf 86' lang='lat' dir='ltr'><strong>ipso</strong></span> <span class='ocrx_word' id='word_1_122' title='bbox 1307 799 1474 832; x_wconf 81' lang='lat' dir='ltr'><strong>Demetrio</strong></span> 
     </span>
     <span class='ocr_line' id='line_1_14' title="bbox 154 851 1473 893; baseline 0.002 -10"><span class='ocrx_word' id='word_1_123' title='bbox 154 851 249 883; x_wconf 86' lang='lat' dir='ltr'><strong>fictae</strong></span> <span class='ocrx_word' id='word_1_124' title='bbox 265 852 435 883; x_wconf 83' lang='lat' dir='ltr'><strong>videantur</strong></span> <span class='ocrx_word' id='word_1_125' title='bbox 450 863 528 893; x_wconf 86' lang='lat' dir='ltr'><strong>esse,</strong></span> <span class='ocrx_word' id='word_1_126' title='bbox 543 854 600 884; x_wconf 90' lang='lat' dir='ltr'><strong>aut</strong></span> <span class='ocrx_word' id='word_1_127' title='bbox 614 863 653 883; x_wconf 86' lang='lat' dir='ltr'><strong>ex</strong></span> <span class='ocrx_word' id='word_1_128' title='bbox 672 852 793 884; x_wconf 77' lang='lat' dir='ltr'><strong>recenti</strong></span> <span class='ocrx_word' id='word_1_129' title='bbox 813 854 898 884; x_wconf 87' lang='lat' dir='ltr'><strong>certe</strong></span> <span class='ocrx_word' id='word_1_130' title='bbox 915 853 1005 884; x_wconf 82' lang='lat' dir='ltr'><strong>fonte</strong></span> <span class='ocrx_word' id='word_1_131' title='bbox 1024 852 1167 884; x_wconf 77' lang='lat' dir='ltr'><strong>haustae.</strong></span> <span class='ocrx_word' id='word_1_132' title='bbox 1195 852 1247 885; x_wconf 87' lang='lat' dir='ltr'><strong>Ex</strong></span> <span class='ocrx_word' id='word_1_133' title='bbox 1261 853 1350 885; x_wconf 87' lang='lat' dir='ltr'><strong>omni</strong></span> <span class='ocrx_word' id='word_1_134' title='bbox 1364 855 1473 885; x_wconf 86' lang='lat' dir='ltr'><strong>autem</strong></span> 
     </span>
     <span class='ocr_line' id='line_1_15' title="bbox 155 905 1475 951; baseline 0.003 -15"><span class='ocrx_word' id='word_1_135' title='bbox 155 905 258 937; x_wconf 82' lang='lat' dir='ltr'><strong>libelli</strong></span> <span class='ocrx_word' id='word_1_136' title='bbox 285 905 393 937; x_wconf 91' lang='lat' dir='ltr'><strong>indole</strong></span> <span class='ocrx_word' id='word_1_137' title='bbox 419 906 574 947; x_wconf 85' lang='lat' dir='ltr'><strong>sequitur,</strong></span> <span class='ocrx_word' id='word_1_138' title='bbox 599 908 636 937; x_wconf 91' lang='lat' dir='ltr'><strong>ut</strong></span> <span class='ocrx_word' id='word_1_139' title='bbox 655 905 840 938; x_wconf 88' lang='lat' dir='ltr'><strong>Demetrius</strong></span> <span class='ocrx_word' id='word_1_140' title='bbox 867 905 1015 948; x_wconf 86' lang='lat' dir='ltr'><strong>quamvis</strong></span> <span class='ocrx_word' id='word_1_141' title='bbox 1039 906 1146 948; x_wconf 85' lang='lat' dir='ltr'><strong>gravis</strong></span> <span class='ocrx_word' id='word_1_142' title='bbox 1170 906 1263 938; x_wconf 89' lang='lat' dir='ltr'><strong>nobis</strong></span> <span class='ocrx_word' id='word_1_143' title='bbox 1283 907 1314 938; x_wconf 92' lang='lat' dir='ltr'><strong>in</strong></span> <span class='ocrx_word' id='word_1_144' title='bbox 1336 906 1475 951; x_wconf 76' lang='lat' dir='ltr'><strong>singulis</strong></span> 
     </span>
     <span class='ocr_line' id='line_1_16' title="bbox 154 959 1474 1003; baseline 0.002 -13"><span class='ocrx_word' id='word_1_145' title='bbox 154 959 273 991; x_wconf 84' lang='lat' dir='ltr'><strong>existat</strong></span> <span class='ocrx_word' id='word_1_146' title='bbox 291 959 384 991; x_wconf 84' lang='lat' dir='ltr'><strong>testis</strong></span> <span class='ocrx_word' id='word_1_147' title='bbox 409 959 573 991; x_wconf 88' lang='lat' dir='ltr'><strong>doctrinae</strong></span> <span class='ocrx_word' id='word_1_148' title='bbox 593 959 854 1001; x_wconf 87' lang='lat' dir='ltr'><strong>Theophrasteae</strong></span> <span class='ocrx_word' id='word_1_149' title='bbox 862 959 898 1003; x_wconf 90' lang='lat'><strong>¹),</strong></span> <span class='ocrx_word' id='word_1_150' title='bbox 926 962 1034 992; x_wconf 86' lang='lat' dir='ltr'><strong>tamen</strong></span> <span class='ocrx_word' id='word_1_151' title='bbox 1053 960 1087 991; x_wconf 90' lang='lat' dir='ltr'><strong>in</strong></span> <span class='ocrx_word' id='word_1_152' title='bbox 1106 961 1176 991; x_wconf 88' lang='lat' dir='ltr'><strong>tota</strong></span> <span class='ocrx_word' id='word_1_153' title='bbox 1194 959 1273 992; x_wconf 85' lang='lat' dir='ltr'><strong>artis</strong></span> <span class='ocrx_word' id='word_1_154' title='bbox 1295 960 1474 1002; x_wconf 74' lang='lat' dir='ltr'><strong>partitione</strong></span> 
     </span>
     <span class='ocr_line' id='line_1_17' title="bbox 153 1013 1472 1056; baseline 0.002 -12"><span class='ocrx_word' id='word_1_155' title='bbox 153 1015 186 1045; x_wconf 89' lang='lat' dir='ltr'><strong>et</strong></span> <span class='ocrx_word' id='word_1_156' title='bbox 205 1013 398 1046; x_wconf 83' lang='lat' dir='ltr'><strong>elocutionis</strong></span> <span class='ocrx_word' id='word_1_157' title='bbox 426 1013 642 1045; x_wconf 81' lang='lat' dir='ltr'><strong>instituendae</strong></span> <span class='ocrx_word' id='word_1_158' title='bbox 670 1013 795 1045; x_wconf 89' lang='lat' dir='ltr'><strong>ratione</strong></span> <span class='ocrx_word' id='word_1_159' title='bbox 823 1014 920 1056; x_wconf 86' lang='lat' dir='ltr'><strong>longe</strong></span> <span class='ocrx_word' id='word_1_160' title='bbox 948 1013 989 1045; x_wconf 85' lang='lat' dir='ltr'><strong>ab</strong></span> <span class='ocrx_word' id='word_1_161' title='bbox 1017 1013 1123 1045; x_wconf 83' lang='lat' dir='ltr'><strong>Ercsii</strong></span> <span class='ocrx_word' id='word_1_162' title='bbox 1153 1014 1337 1046; x_wconf 79' lang='lat' dir='ltr'><strong>sinceritate</strong></span> <span class='ocrx_word' id='word_1_163' title='bbox 1365 1013 1472 1046; x_wconf 82' lang='lat' dir='ltr'><strong>distet.</strong></span> 
     </span>
     <span class='ocr_line' id='line_1_18' title="bbox 153 1065 1471 1110; baseline 0.001 -12"><span class='ocrx_word' id='word_1_164' title='bbox 153 1065 268 1107; x_wconf 86' lang='lat' dir='ltr'><strong>Itaque</strong></span> <span class='ocrx_word' id='word_1_165' title='bbox 288 1077 414 1108; x_wconf 90' lang='lat' dir='ltr'><strong>semper</strong></span> <span class='ocrx_word' id='word_1_166' title='bbox 432 1066 553 1099; x_wconf 89' lang='lat' dir='ltr'><strong>iudicio</strong></span> <span class='ocrx_word' id='word_1_167' title='bbox 580 1078 661 1108; x_wconf 90' lang='lat' dir='ltr'><strong>opus</strong></span> <span class='ocrx_word' id='word_1_168' title='bbox 681 1069 743 1108; x_wconf 85' lang='lat' dir='ltr'><strong>est,</strong></span> <span class='ocrx_word' id='word_1_169' title='bbox 766 1069 804 1098; x_wconf 92' lang='lat' dir='ltr'><strong>ut</strong></span> <span class='ocrx_word' id='word_1_170' title='bbox 829 1067 1010 1110; x_wconf 87' lang='lat' dir='ltr'><strong>fragmenta</strong></span> <span class='ocrx_word' id='word_1_171' title='bbox 1029 1078 1047 1098; x_wconf 89' lang='lat' dir='ltr'><strong>a</strong></span> <span class='ocrx_word' id='word_1_172' title='bbox 1066 1066 1231 1098; x_wconf 86' lang='lat' dir='ltr'><strong>Demetrio</strong></span> <span class='ocrx_word' id='word_1_173' title='bbox 1250 1068 1349 1099; x_wconf 86' lang='lat' dir='ltr'><strong>allata</strong></span> <span class='ocrx_word' id='word_1_174' title='bbox 1366 1078 1407 1100; x_wconf 88' lang='lat' dir='ltr'><strong>ex</strong></span> <span class='ocrx_word' id='word_1_175' title='bbox 1424 1067 1471 1110; x_wconf 86' lang='lat' dir='ltr'><strong>ip-</strong></span> 
     </span>
     <span class='ocr_line' id='line_1_19' title="bbox 153 1120 1471 1163; baseline 0.002 -12"><span class='ocrx_word' id='word_1_176' title='bbox 153 1131 263 1152; x_wconf 88' lang='lat' dir='ltr'><strong>sorum</strong></span> <span class='ocrx_word' id='word_1_177' title='bbox 285 1120 500 1162; x_wconf 84' lang='lat' dir='ltr'><strong>Theophrasti</strong></span> <span class='ocrx_word' id='word_1_178' title='bbox 522 1121 693 1152; x_wconf 86' lang='lat' dir='ltr'><strong>verborum</strong></span> <span class='ocrx_word' id='word_1_179' title='bbox 717 1120 842 1153; x_wconf 83' lang='lat' dir='ltr'><strong>ratione</strong></span> <span class='ocrx_word' id='word_1_180' title='bbox 866 1121 1096 1163; x_wconf 82' lang='lat' dir='ltr'><strong>intellegantur</strong></span> <span class='ocrx_word' id='word_1_181' title='bbox 1114 1131 1194 1152; x_wconf 88' lang='lat' dir='ltr'><strong>neve</strong></span> <span class='ocrx_word' id='word_1_182' title='bbox 1213 1131 1252 1152; x_wconf 83' lang='lat' dir='ltr'><strong>ex</strong></span> <span class='ocrx_word' id='word_1_183' title='bbox 1275 1121 1406 1162; x_wconf 85' lang='lat' dir='ltr'><strong>propria</strong></span> <span class='ocrx_word' id='word_1_184' title='bbox 1423 1121 1471 1153; x_wconf 88' lang='lat' dir='ltr'><strong>in-</strong></span> 
     </span>
     <span class='ocr_line' id='line_1_20' title="bbox 155 1174 954 1216; baseline 0.001 -11"><span class='ocrx_word' id='word_1_185' title='bbox 155 1174 228 1206; x_wconf 89' lang='lat' dir='ltr'><strong>dole</strong></span> <span class='ocrx_word' id='word_1_186' title='bbox 248 1174 316 1205; x_wconf 91' lang='lat' dir='ltr'><strong>eius</strong></span> <span class='ocrx_word' id='word_1_187' title='bbox 336 1174 409 1216; x_wconf 85' lang='lat' dir='ltr'><strong>loci,</strong></span> <span class='ocrx_word' id='word_1_188' title='bbox 428 1185 492 1216; x_wconf 92' lang='lat' dir='ltr'><strong>quo</strong></span> <span class='ocrx_word' id='word_1_189' title='bbox 512 1174 697 1206; x_wconf 89' lang='lat' dir='ltr'><strong>Demetrius</strong></span> <span class='ocrx_word' id='word_1_190' title='bbox 718 1185 755 1206; x_wconf 87' lang='lat' dir='ltr'><strong>ea</strong></span> <span class='ocrx_word' id='word_1_191' title='bbox 775 1174 954 1206; x_wconf 82' lang='lat' dir='ltr'><strong>collocavit.</strong></span> 
     </span>
     <span class='ocr_line' id='line_1_21' title="bbox 243 1231 1235 1274; baseline -0.001 -10"><span class='ocrx_word' id='word_1_192' title='bbox 243 1231 312 1264; x_wconf 82' lang='lat' dir='ltr'><strong>Iam</strong></span> <span class='ocrx_word' id='word_1_193' title='bbox 332 1233 563 1264; x_wconf 87' lang='lat' dir='ltr'><strong>transeundum</strong></span> <span class='ocrx_word' id='word_1_194' title='bbox 583 1234 632 1264; x_wconf 85' lang='lat' dir='ltr'><strong>est</strong></span> <span class='ocrx_word' id='word_1_195' title='bbox 652 1232 692 1264; x_wconf 91' lang='lat' dir='ltr'><strong>ad</strong></span> <span class='ocrx_word' id='word_1_196' title='bbox 711 1232 905 1274; x_wconf 85' lang='lat' dir='ltr'><strong>Dionysium</strong></span> <span class='ocrx_word' id='word_1_197' title='bbox 927 1231 1235 1264; x_wconf 86' lang='lat' dir='ltr'><strong>Halicarnasensem.</strong></span> 
     </span>
    </p>
   </div>
   <div class='ocr_carea' id='block_1_6' title="bbox 149 1290 1470 1654">
    <p class='ocr_par' dir='ltr' id='par_1_6' title="bbox 149 1290 1470 1654">
     <span class='ocr_line' id='line_1_22' title="bbox 242 1290 1468 1332; baseline 0 -10"><span class='ocrx_word' id='word_1_198' title='bbox 242 1290 342 1322; x_wconf 87' lang='lat' dir='ltr'><strong>Cuius</strong></span> <span class='ocrx_word' id='word_1_199' title='bbox 362 1291 463 1323; x_wconf 84' lang='lat' dir='ltr'><strong>multa</strong></span> <span class='ocrx_word' id='word_1_200' title='bbox 483 1291 613 1332; x_wconf 88' lang='lat' dir='ltr'><strong>quidem</strong></span> <span class='ocrx_word' id='word_1_201' title='bbox 634 1291 755 1332; x_wconf 87' lang='lat' dir='ltr'><strong>scripta</strong></span> <span class='ocrx_word' id='word_1_202' title='bbox 773 1290 934 1322; x_wconf 87' lang='lat' dir='ltr'><strong>rhetorica</strong></span> <span class='ocrx_word' id='word_1_203' title='bbox 953 1290 993 1322; x_wconf 87' lang='lat' dir='ltr'><strong>ad</strong></span> <span class='ocrx_word' id='word_1_204' title='bbox 1011 1301 1071 1322; x_wconf 86' lang='lat' dir='ltr'><strong>nos</strong></span> <span class='ocrx_word' id='word_1_205' title='bbox 1090 1292 1318 1332; x_wconf 83' lang='lat' dir='ltr'><strong>pervenerunt,</strong></span> <span class='ocrx_word' id='word_1_206' title='bbox 1340 1291 1468 1323; x_wconf 83' lang='lat' dir='ltr'><strong>nullum</strong></span> 
     </span>
     <span class='ocr_line' id='line_1_23' title="bbox 150 1344 1469 1387; baseline -0.001 -11"><span class='ocrx_word' id='word_1_207' title='bbox 150 1355 227 1376; x_wconf 88' lang='lat' dir='ltr'><strong>vero</strong></span> <span class='ocrx_word' id='word_1_208' title='bbox 256 1346 341 1376; x_wconf 88' lang='lat' dir='ltr'><strong>recte</strong></span> <span class='ocrx_word' id='word_1_209' title='bbox 372 1345 555 1387; x_wconf 86' lang='lat' dir='ltr'><strong>intelleges,</strong></span> <span class='ocrx_word' id='word_1_210' title='bbox 580 1345 643 1376; x_wconf 91' lang='lat' dir='ltr'><strong>nisi</strong></span> <span class='ocrx_word' id='word_1_211' title='bbox 671 1355 797 1386; x_wconf 88' lang='lat' dir='ltr'><strong>semper</strong></span> <span class='ocrx_word' id='word_1_212' title='bbox 822 1344 1006 1376; x_wconf 86' lang='lat' dir='ltr'><strong>memineris</strong></span> <span class='ocrx_word' id='word_1_213' title='bbox 1033 1345 1182 1386; x_wconf 82' lang='grc' dir='ltr'><em>κριτικόν</em></span> <span class='ocrx_word' id='word_1_214' title='bbox 1207 1344 1307 1375; x_wconf 78' lang='lat' dir='ltr'><strong>fuisse</strong></span> <span class='ocrx_word' id='word_1_215' title='bbox 1334 1354 1407 1376; x_wconf 89' lang='lat' dir='ltr'><strong>eum</strong></span> <span class='ocrx_word' id='word_1_216' title='bbox 1435 1345 1469 1376; x_wconf 89' lang='lat' dir='ltr'><strong>et</strong></span> 
     </span>
     <span class='ocr_line' id='line_1_24' title="bbox 150 1396 1470 1440; baseline -0.001 -10"><span class='ocrx_word' id='word_1_217' title='bbox 150 1399 318 1440; x_wconf 81' lang='grc' dir='ltr'><em>μιμήσεως</em></span> <span class='ocrx_word' id='word_1_218' title='bbox 342 1398 457 1430; x_wconf 88' lang='lat' dir='ltr'><strong>studiis</strong></span> <span class='ocrx_word' id='word_1_219' title='bbox 481 1398 696 1430; x_wconf 89' lang='lat' dir='ltr'><strong>instrumenta</strong></span> <span class='ocrx_word' id='word_1_220' title='bbox 721 1398 985 1439; x_wconf 53' lang='lat' dir='ltr'><strong>suppeditavisse⁴</strong></span> <span class='ocrx_word' id='word_1_221' title='bbox 1014 1397 1103 1430; x_wconf 86' lang='lat' dir='ltr'><strong>Finis</strong></span> <span class='ocrx_word' id='word_1_222' title='bbox 1123 1397 1224 1440; x_wconf 79' lang='lat' dir='ltr'><strong>igitur</strong></span> <span class='ocrx_word' id='word_1_223' title='bbox 1243 1396 1470 1439; x_wconf 79' lang='lat' dir='ltr'><strong>praecipiendi,</strong></span> 
     </span>
     <span class='ocr_line' id='line_1_25' title="bbox 151 1450 1470 1494; baseline -0.002 -10"><span class='ocrx_word' id='word_1_224' title='bbox 151 1463 248 1494; x_wconf 84' lang='lat' dir='ltr'><strong>quem</strong></span> <span class='ocrx_word' id='word_1_225' title='bbox 268 1453 414 1494; x_wconf 88' lang='lat' dir='ltr'><strong>sequitur</strong></span> <span class='ocrx_word' id='word_1_226' title='bbox 428 1452 615 1494; x_wconf 84' lang='lat' dir='ltr'><strong>Dionysius,</strong></span> <span class='ocrx_word' id='word_1_227' title='bbox 636 1452 715 1493; x_wconf 87' lang='lat' dir='ltr'><strong>quin</strong></span> <span class='ocrx_word' id='word_1_228' title='bbox 734 1463 752 1483; x_wconf 89' lang='lat' dir='ltr'><strong>a</strong></span> <span class='ocrx_word' id='word_1_229' title='bbox 766 1451 981 1493; x_wconf 85' lang='lat' dir='ltr'><strong>Theophrasti</strong></span> <span class='ocrx_word' id='word_1_230' title='bbox 996 1452 1060 1483; x_wconf 91' lang='lat' dir='ltr'><strong>fine</strong></span> <span class='ocrx_word' id='word_1_231' title='bbox 1075 1453 1107 1483; x_wconf 91' lang='lat' dir='ltr'><strong>et</strong></span> <span class='ocrx_word' id='word_1_232' title='bbox 1125 1451 1226 1483; x_wconf 86' lang='lat' dir='ltr'><strong>totius</strong></span> <span class='ocrx_word' id='word_1_233' title='bbox 1245 1450 1334 1482; x_wconf 86' lang='lat' dir='ltr'><strong>illius</strong></span> <span class='ocrx_word' id='word_1_234' title='bbox 1352 1450 1470 1483; x_wconf 73' lang='lat' dir='ltr'><strong>aetatis</strong></span> 
     </span>
     <span class='ocr_line' id='line_1_26' title="bbox 151 1503 1469 1546; baseline -0.001 -9"><span class='ocrx_word' id='word_1_235' title='bbox 151 1506 266 1537; x_wconf 89' lang='lat' dir='ltr'><strong>studiis</strong></span> <span class='ocrx_word' id='word_1_236' title='bbox 295 1506 466 1538; x_wconf 90' lang='lat' dir='ltr'><strong>rhetoricis</strong></span> <span class='ocrx_word' id='word_1_237' title='bbox 491 1506 676 1546; x_wconf 86' lang='lat' dir='ltr'><strong>abhorreat,</strong></span> <span class='ocrx_word' id='word_1_238' title='bbox 703 1516 770 1537; x_wconf 91' lang='lat' dir='ltr'><strong>non</strong></span> <span class='ocrx_word' id='word_1_239' title='bbox 793 1507 842 1537; x_wconf 88' lang='lat' dir='ltr'><strong>est</strong></span> <span class='ocrx_word' id='word_1_240' title='bbox 866 1505 1010 1536; x_wconf 89' lang='lat' dir='ltr'><strong>dubium.</strong></span> <span class='ocrx_word' id='word_1_241' title='bbox 1039 1503 1172 1546; x_wconf 87' lang='lat' dir='ltr'><strong>Semper</strong></span> <span class='ocrx_word' id='word_1_242' title='bbox 1195 1504 1306 1536; x_wconf 83' lang='lat' dir='ltr'><strong>mirari</strong></span> <span class='ocrx_word' id='word_1_243' title='bbox 1325 1515 1376 1536; x_wconf 85' lang='lat' dir='ltr'><strong>me</strong></span> <span class='ocrx_word' id='word_1_244' title='bbox 1395 1515 1469 1536; x_wconf 85' lang='lat' dir='ltr'><strong>con-</strong></span> 
     </span>
     <span class='ocr_line' id='line_1_27' title="bbox 149 1557 1468 1601; baseline -0.001 -10"><span class='ocrx_word' id='word_1_245' title='bbox 149 1560 244 1592; x_wconf 89' lang='lat' dir='ltr'><strong>fiteor</strong></span> <span class='ocrx_word' id='word_1_246' title='bbox 263 1560 303 1591; x_wconf 93' lang='lat' dir='ltr'><strong>ab</strong></span> <span class='ocrx_word' id='word_1_247' title='bbox 323 1559 386 1592; x_wconf 87' lang='lat' dir='ltr'><strong>isto</strong></span> <span class='ocrx_word' id='word_1_248' title='bbox 406 1559 565 1601; x_wconf 85' lang='lat' dir='ltr'><strong>Dionysio</strong></span> <span class='ocrx_word' id='word_1_249' title='bbox 585 1559 787 1600; x_wconf 81' lang='lat' dir='ltr'><strong>maximeque</strong></span> <span class='ocrx_word' id='word_1_250' title='bbox 807 1559 846 1590; x_wconf 87' lang='lat' dir='ltr'><strong>ab</strong></span> <span class='ocrx_word' id='word_1_251' title='bbox 866 1559 935 1590; x_wconf 85' lang='lat' dir='ltr'><strong>eius</strong></span> <span class='ocrx_word' id='word_1_252' title='bbox 951 1558 989 1590; x_wconf 92' lang='lat' dir='ltr'><strong>de</strong></span> <span class='ocrx_word' id='word_1_253' title='bbox 1004 1557 1220 1590; x_wconf 87' lang='lat' dir='ltr'><strong>Demosthene</strong></span> <span class='ocrx_word' id='word_1_254' title='bbox 1241 1557 1360 1591; x_wconf 91' lang='lat' dir='ltr'><strong>iudicio</strong></span> <span class='ocrx_word' id='word_1_255' title='bbox 1379 1558 1468 1590; x_wconf 80' lang='lat' dir='ltr'><strong>viros</strong></span> 
     </span>
     <span class='ocr_line' id='line_1_28' title="bbox 150 1606 1468 1654; baseline -0.002 -9"><span class='ocrx_word' id='word_1_256' title='bbox 150 1614 263 1645; x_wconf 89' lang='lat' dir='ltr'><strong>doctos</strong></span> <span class='ocrx_word' id='word_1_257' title='bbox 274 1606 410 1645; x_wconf 71' lang='lat' dir='ltr'><strong>&#39;nostrae</strong></span> <span class='ocrx_word' id='word_1_258' title='bbox 430 1613 544 1645; x_wconf 87' lang='lat' dir='ltr'><strong>aetatis</strong></span> <span class='ocrx_word' id='word_1_259' title='bbox 560 1624 650 1644; x_wconf 75' lang='lat' dir='ltr'><strong>suam</strong></span> <span class='ocrx_word' id='word_1_260' title='bbox 666 1612 704 1644; x_wconf 88' lang='lat' dir='ltr'><strong>de</strong></span> <span class='ocrx_word' id='word_1_261' title='bbox 719 1612 935 1654; x_wconf 84' lang='lat' dir='ltr'><strong>Theophrasti</strong></span> <span class='ocrx_word' id='word_1_262' title='bbox 949 1612 1034 1644; x_wconf 88' lang='lat' dir='ltr'><strong>libro</strong></span> <span class='ocrx_word' id='word_1_263' title='bbox 1048 1611 1123 1653; x_wconf 82' lang='grc' dir='ltr'><em>περὶ</em></span> <span class='ocrx_word' id='word_1_264' title='bbox 1139 1610 1254 1650; x_wconf 79' lang='grc' dir='ltr'><em>λέξεως</em></span> <span class='ocrx_word' id='word_1_265' title='bbox 1273 1611 1468 1644; x_wconf 84' lang='lat' dir='ltr'><strong>sententiam</strong></span> 
     </span>
    </p>
   </div>
   <div class='ocr_carea' id='block_1_7' title="bbox 84 1664 1468 1709">
    <p class='ocr_par' dir='ltr' id='par_1_7' title="bbox 84 1664 1468 1709">
     <span class='ocr_line' id='line_1_29' title="bbox 84 1664 1468 1709; baseline -0.001 -11"><span class='ocrx_word' id='word_1_266' title='bbox 84 1702 85 1707; x_wconf 20' lang='lat'>¹</span> <span class='ocrx_word' id='word_1_267' title='bbox 149 1667 312 1709; x_wconf 87' lang='lat' dir='ltr'><strong>petivisse.</strong></span> <span class='ocrx_word' id='word_1_268' title='bbox 342 1667 386 1699; x_wconf 90' lang='lat' dir='ltr'><strong>At</strong></span> <span class='ocrx_word' id='word_1_269' title='bbox 415 1666 580 1698; x_wconf 90' lang='lat' dir='ltr'><strong>nonnullis</strong></span> <span class='ocrx_word' id='word_1_270' title='bbox 609 1667 690 1698; x_wconf 91' lang='lat' dir='ltr'><strong>locis</strong></span> <span class='ocrx_word' id='word_1_271' title='bbox 719 1666 897 1708; x_wconf 85' lang='lat' dir='ltr'><strong>Dionysius</strong></span> <span class='ocrx_word' id='word_1_272' title='bbox 925 1665 1042 1698; x_wconf 81' lang='lat' dir='ltr'><strong>diserte</strong></span> <span class='ocrx_word' id='word_1_273' title='bbox 1070 1665 1329 1706; x_wconf 82' lang='lat' dir='ltr'><strong>Theophrastum</strong></span> <span class='ocrx_word' id='word_1_274' title='bbox 1357 1664 1468 1698; x_wconf 76' lang='lat' dir='ltr'><strong>laudat</strong></span> 
     </span>
    </p>
   </div>
   <div class='ocr_carea' id='block_1_8' title="bbox 147 1718 1467 2197">
    <p class='ocr_par' dir='ltr' id='par_1_8' title="bbox 148 1718 1467 1870">
     <span class='ocr_line' id='line_1_30' title="bbox 150 1718 1467 1762; baseline -0.002 -10"><span class='ocrx_word' id='word_1_275' title='bbox 150 1731 243 1752; x_wconf 87' lang='lat' dir='ltr'><strong>suum</strong></span> <span class='ocrx_word' id='word_1_276' title='bbox 264 1722 441 1752; x_wconf 83' lang='lat' dir='ltr'><strong>auctorem!</strong></span> <span class='ocrx_word' id='word_1_277' title='bbox 466 1719 568 1762; x_wconf 75' lang='lat' dir='ltr'><strong>Certe,</strong></span> <span class='ocrx_word' id='word_1_278' title='bbox 587 1720 642 1752; x_wconf 89' lang='lat' dir='ltr'><strong>sed</strong></span> <span class='ocrx_word' id='word_1_279' title='bbox 662 1720 699 1761; x_wconf 87' lang='lat' dir='ltr'><strong>is,</strong></span> <span class='ocrx_word' id='word_1_280' title='bbox 719 1720 775 1761; x_wconf 91' lang='lat' dir='ltr'><strong>qui</strong></span> <span class='ocrx_word' id='word_1_281' title='bbox 795 1720 976 1751; x_wconf 83' lang='lat' dir='ltr'><strong>universam</strong></span> <span class='ocrx_word' id='word_1_282' title='bbox 1003 1719 1137 1750; x_wconf 89' lang='lat' dir='ltr'><strong>alicuius</strong></span> <span class='ocrx_word' id='word_1_283' title='bbox 1155 1718 1232 1750; x_wconf 92' lang='lat' dir='ltr'><strong>libri</strong></span> <span class='ocrx_word' id='word_1_284' title='bbox 1254 1718 1396 1750; x_wconf 87' lang='lat' dir='ltr'><strong>indolem</strong></span> <span class='ocrx_word' id='word_1_285' title='bbox 1419 1729 1467 1750; x_wconf 78' lang='lat' dir='ltr'><strong>se-</strong></span> 
     </span>
     <span class='ocr_line' id='line_1_31' title="bbox 149 1771 1466 1815; baseline -0.002 -9"><span class='ocrx_word' id='word_1_286' title='bbox 149 1774 268 1815; x_wconf 89' lang='lat' dir='ltr'><strong>quitur,</strong></span> <span class='ocrx_word' id='word_1_287' title='bbox 288 1774 392 1806; x_wconf 90' lang='lat' dir='ltr'><strong>multo</strong></span> <span class='ocrx_word' id='word_1_288' title='bbox 412 1775 515 1806; x_wconf 87' lang='lat' dir='ltr'><strong>rarius</strong></span> <span class='ocrx_word' id='word_1_289' title='bbox 535 1773 617 1806; x_wconf 92' lang='lat' dir='ltr'><strong>solet</strong></span> <span class='ocrx_word' id='word_1_290' title='bbox 636 1774 775 1805; x_wconf 85' lang='lat' dir='ltr'><strong>auctoris</strong></span> <span class='ocrx_word' id='word_1_291' title='bbox 795 1784 913 1805; x_wconf 86' lang='lat' dir='ltr'><strong>nomen</strong></span> <span class='ocrx_word' id='word_1_292' title='bbox 932 1783 1101 1814; x_wconf 82' lang='lat' dir='ltr'><strong>usurpare,</strong></span> <span class='ocrx_word' id='word_1_293' title='bbox 1119 1782 1215 1814; x_wconf 80' lang='lat' dir='ltr'><strong>quam</strong></span> <span class='ocrx_word' id='word_1_294' title='bbox 1235 1772 1306 1813; x_wconf 87' lang='lat' dir='ltr'><strong>ille,</strong></span> <span class='ocrx_word' id='word_1_295' title='bbox 1325 1771 1381 1813; x_wconf 84' lang='lat' dir='ltr'><strong>qui</strong></span> <span class='ocrx_word' id='word_1_296' title='bbox 1399 1781 1466 1804; x_wconf 84' lang='lat' dir='ltr'><strong>non</strong></span> 
     </span>
     <span class='ocr_line' id='line_1_32' title="bbox 148 1825 1098 1870; baseline -0.002 -11"><span class='ocrx_word' id='word_1_297' title='bbox 148 1828 212 1859; x_wconf 84' lang='lat' dir='ltr'><strong>nisi</strong></span> <span class='ocrx_word' id='word_1_298' title='bbox 232 1828 360 1870; x_wconf 85' lang='lat' dir='ltr'><strong>singula</strong></span> <span class='ocrx_word' id='word_1_299' title='bbox 379 1828 535 1869; x_wconf 87' lang='lat' dir='ltr'><strong>quaedam</strong></span> <span class='ocrx_word' id='word_1_300' title='bbox 555 1828 677 1859; x_wconf 85' lang='lat' dir='ltr'><strong>alienae</strong></span> <span class='ocrx_word' id='word_1_301' title='bbox 697 1826 856 1859; x_wconf 85' lang='lat' dir='ltr'><strong>immiscet</strong></span> <span class='ocrx_word' id='word_1_302' title='bbox 877 1825 1098 1868; x_wconf 85' lang='lat' dir='ltr'><strong>disputationi.</strong></span> 
     </span>
    </p>

    <p class='ocr_par' dir='ltr' id='par_1_9' title="bbox 147 1883 1465 2197">
     <span class='ocr_line' id='line_1_33' title="bbox 239 1883 1464 1926; baseline -0.003 -8"><span class='ocrx_word' id='word_1_303' title='bbox 239 1885 274 1918; x_wconf 80' lang='lat' dir='ltr'><strong>Si</strong></span> <span class='ocrx_word' id='word_1_304' title='bbox 293 1886 333 1917; x_wconf 86' lang='lat' dir='ltr'><strong>ad</strong></span> <span class='ocrx_word' id='word_1_305' title='bbox 358 1885 472 1924; x_wconf 81' lang='grc' dir='ltr'><em>λέξεως</em></span> <span class='ocrx_word' id='word_1_306' title='bbox 501 1886 680 1918; x_wconf 88' lang='lat' dir='ltr'><strong>doctrinam</strong></span> <span class='ocrx_word' id='word_1_307' title='bbox 710 1885 918 1926; x_wconf 84' lang='lat' dir='ltr'><strong>attendimus,</strong></span> <span class='ocrx_word' id='word_1_308' title='bbox 948 1884 1024 1915; x_wconf 89' lang='lat' dir='ltr'><strong>libri</strong></span> <span class='ocrx_word' id='word_1_309' title='bbox 1052 1883 1244 1924; x_wconf 84' lang='lat' dir='ltr'><strong>Dionysiani</strong></span> <span class='ocrx_word' id='word_1_310' title='bbox 1269 1893 1464 1924; x_wconf 79' lang='lat' dir='ltr'><strong>quamquam</strong></span> 
     </span>
     <span class='ocr_line' id='line_1_34' title="bbox 148 1936 1464 1981; baseline -0.003 -10"><span class='ocrx_word' id='word_1_311' title='bbox 148 1950 259 1971; x_wconf 89' lang='lat' dir='ltr'><strong>omnes</strong></span> <span class='ocrx_word' id='word_1_312' title='bbox 279 1940 381 1971; x_wconf 91' lang='lat' dir='ltr'><strong>critici</strong></span> <span class='ocrx_word' id='word_1_313' title='bbox 401 1941 490 1981; x_wconf 83' lang='lat' dir='ltr'><strong>sunt,</strong></span> <span class='ocrx_word' id='word_1_314' title='bbox 509 1940 542 1970; x_wconf 91' lang='lat' dir='ltr'><strong>in</strong></span> <span class='ocrx_word' id='word_1_315' title='bbox 562 1939 625 1971; x_wconf 88' lang='lat' dir='ltr'><strong>duo</strong></span> <span class='ocrx_word' id='word_1_316' title='bbox 644 1941 752 1971; x_wconf 87' lang='lat' dir='ltr'><strong>tamen</strong></span> <span class='ocrx_word' id='word_1_317' title='bbox 772 1938 942 1970; x_wconf 88' lang='lat' dir='ltr'><strong>discedunt</strong></span> <span class='ocrx_word' id='word_1_318' title='bbox 960 1948 1091 1979; x_wconf 81' lang='lat' dir='ltr'><strong>genera,</strong></span> <span class='ocrx_word' id='word_1_319' title='bbox 1115 1947 1252 1978; x_wconf 91' lang='lat' dir='ltr'><strong>quorum</strong></span> <span class='ocrx_word' id='word_1_320' title='bbox 1272 1936 1409 1968; x_wconf 82' lang='lat' dir='ltr'><strong>alterum</strong></span> <span class='ocrx_word' id='word_1_321' title='bbox 1429 1936 1464 1968; x_wconf 85' lang='lat' dir='ltr'><strong>in</strong></span> 
     </span>
     <span class='ocr_line' id='line_1_35' title="bbox 147 1989 1465 2034; baseline -0.002 -10"><span class='ocrx_word' id='word_1_322' title='bbox 147 1993 323 2024; x_wconf 86' lang='lat' dir='ltr'><strong>virtutibus</strong></span> <span class='ocrx_word' id='word_1_323' title='bbox 339 1993 480 2034; x_wconf 88' lang='lat' dir='ltr'><strong>positum</strong></span> <span class='ocrx_word' id='word_1_324' title='bbox 501 1995 557 2034; x_wconf 81' lang='lat' dir='ltr'><strong>est,</strong></span> <span class='ocrx_word' id='word_1_325' title='bbox 577 1993 712 2024; x_wconf 84' lang='lat' dir='ltr'><strong>alterum</strong></span> <span class='ocrx_word' id='word_1_326' title='bbox 733 1992 766 2024; x_wconf 91' lang='lat' dir='ltr'><strong>in</strong></span> <span class='ocrx_word' id='word_1_327' title='bbox 786 1991 956 2034; x_wconf 84' lang='lat' dir='ltr'><strong>generibus</strong></span> <span class='ocrx_word' id='word_1_328' title='bbox 976 1990 1109 2023; x_wconf 83' lang='lat' dir='ltr'><strong>dicendi.</strong></span> <span class='ocrx_word' id='word_1_329' title='bbox 1134 1989 1222 2028; x_wconf 85' lang='lat' dir='ltr'><strong>Quae</strong></span> <span class='ocrx_word' id='word_1_330' title='bbox 1236 1990 1275 2022; x_wconf 88' lang='lat' dir='ltr'><strong>de</strong></span> <span class='ocrx_word' id='word_1_331' title='bbox 1290 1990 1347 2022; x_wconf 88' lang='lat' dir='ltr'><strong>illo</strong></span> <span class='ocrx_word' id='word_1_332' title='bbox 1367 2000 1465 2032; x_wconf 84' lang='lat' dir='ltr'><strong>supra</strong></span> 
     </span>
     <span class='ocr_line' id='line_1_36' title="bbox 147 2043 1463 2088; baseline -0.002 -10"><span class='ocrx_word' id='word_1_333' title='bbox 147 2047 365 2088; x_wconf 83' lang='lat' dir='ltr'><strong>exposuimus,</strong></span> <span class='ocrx_word' id='word_1_334' title='bbox 384 2046 495 2088; x_wconf 88' lang='lat' dir='ltr'><strong>paucis</strong></span> <span class='ocrx_word' id='word_1_335' title='bbox 523 2048 667 2087; x_wconf 85' lang='lat' dir='ltr'><strong>repetere</strong></span> <span class='ocrx_word' id='word_1_336' title='bbox 691 2057 708 2077; x_wconf 91' lang='lat' dir='ltr'><strong>e</strong></span> <span class='ocrx_word' id='word_1_337' title='bbox 727 2057 762 2077; x_wconf 91' lang='lat' dir='ltr'><strong>re</strong></span> <span class='ocrx_word' id='word_1_338' title='bbox 786 2045 927 2077; x_wconf 89' lang='lat' dir='ltr'><strong>videtur:</strong></span> <span class='ocrx_word' id='word_1_339' title='bbox 946 2044 975 2076; x_wconf 92' lang='lat' dir='ltr'><strong>A</strong></span> <span class='ocrx_word' id='word_1_340' title='bbox 995 2044 1236 2086; x_wconf 84' lang='lat' dir='ltr'><strong>Theophrastea</strong></span> <span class='ocrx_word' id='word_1_341' title='bbox 1255 2043 1463 2085; x_wconf 77' lang='lat' dir='ltr'><strong>simplicitate</strong></span> 
     </span>
     <span class='ocr_line' id='line_1_37' title="bbox 147 2096 1463 2141; baseline -0.002 -10"><span class='ocrx_word' id='word_1_342' title='bbox 147 2100 283 2132; x_wconf 83' lang='lat' dir='ltr'><strong>virtutes</strong></span> <span class='ocrx_word' id='word_1_343' title='bbox 302 2100 337 2131; x_wconf 90' lang='lat' dir='ltr'><strong>in</strong></span> <span class='ocrx_word' id='word_1_344' title='bbox 355 2100 509 2131; x_wconf 87' lang='lat' dir='ltr'><strong>maiorem</strong></span> <span class='ocrx_word' id='word_1_345' title='bbox 534 2100 659 2141; x_wconf 84' lang='lat' dir='ltr'><strong>copiam</strong></span> <span class='ocrx_word' id='word_1_346' title='bbox 685 2101 899 2131; x_wconf 83' lang='lat' dir='ltr'><strong>commutatae</strong></span> <span class='ocrx_word' id='word_1_347' title='bbox 919 2100 951 2130; x_wconf 88' lang='lat' dir='ltr'><strong>et</strong></span> <span class='ocrx_word' id='word_1_348' title='bbox 970 2098 1009 2129; x_wconf 87' lang='lat' dir='ltr'><strong>ad</strong></span> <span class='ocrx_word' id='word_1_349' title='bbox 1028 2097 1144 2136; x_wconf 66' lang='grc' dir='ltr'><em>λέξεως</em></span> <span class='ocrx_word' id='word_1_350' title='bbox 1163 2098 1345 2139; x_wconf 86' lang='lat' dir='ltr'><strong>exemplum</strong></span> <span class='ocrx_word' id='word_1_351' title='bbox 1365 2096 1463 2129; x_wconf 86' lang='lat' dir='ltr'><strong>etiam</strong></span> 
     </span>
     <span class='ocr_line' id='line_1_38' title="bbox 147 2150 1462 2197; baseline -0.003 -12"><span class='ocrx_word' id='word_1_352' title='bbox 147 2154 364 2197; x_wconf 84' lang='lat' dir='ltr'><strong>pragmaticae</strong></span> <span class='ocrx_word' id='word_1_353' title='bbox 386 2154 533 2185; x_wconf 83' lang='lat' dir='ltr'><strong>inventae</strong></span> <span class='ocrx_word' id='word_1_354' title='bbox 553 2155 628 2185; x_wconf 85' lang='lat' dir='ltr'><strong>sunt</strong></span> <span class='ocrx_word' id='word_1_355' title='bbox 646 2153 796 2194; x_wconf 78' lang='lat' dir='ltr'><strong>virtutes3</strong></span> <span class='ocrx_word' id='word_1_356' title='bbox 816 2154 957 2184; x_wconf 85' lang='lat' dir='ltr'><strong>attamen</strong></span> <span class='ocrx_word' id='word_1_357' title='bbox 973 2151 1006 2183; x_wconf 89' lang='lat' dir='ltr'><strong>in</strong></span> <span class='ocrx_word' id='word_1_358' title='bbox 1021 2153 1070 2183; x_wconf 87' lang='lat' dir='ltr'><strong>tot</strong></span> <span class='ocrx_word' id='word_1_359' title='bbox 1089 2151 1253 2192; x_wconf 81' lang='lat' dir='ltr'><strong>tantisque</strong></span> <span class='ocrx_word' id='word_1_360' title='bbox 1273 2150 1462 2182; x_wconf 83' lang='lat' dir='ltr'><strong>differentiis</strong></span> 
     </span>
    </p>
   </div>
   <div class='ocr_carea' id='block_1_9' title="bbox 147 2265 1460 2344">
    <p class='ocr_par' dir='ltr' id='par_1_10' title="bbox 147 2265 1460 2344">
     <span class='ocr_line' id='line_1_39' title="bbox 239 2265 1460 2305; baseline -0.004 -10"><span class='ocrx_word' id='word_1_361' title='bbox 239 2271 264 2303; x_wconf 88' lang='lat'><strong>1)</strong></span> <span class='ocrx_word' id='word_1_362' title='bbox 283 2269 424 2305; x_wconf 19' lang='lat' dir='ltr'><strong>Arccurata</strong></span> <span class='ocrx_word' id='word_1_363' title='bbox 443 2268 676 2302; x_wconf 83' lang='lat' dir='ltr'><strong>interpretatione</strong></span> <span class='ocrx_word' id='word_1_364' title='bbox 696 2269 724 2294; x_wconf 86' lang='lat' dir='ltr'><strong>et</strong></span> <span class='ocrx_word' id='word_1_365' title='bbox 744 2267 953 2301; x_wconf 84' lang='lat' dir='ltr'><strong>comparatione</strong></span> <span class='ocrx_word' id='word_1_366' title='bbox 973 2267 1055 2301; x_wconf 89' lang='lat' dir='ltr'><strong>plura</strong></span> <span class='ocrx_word' id='word_1_367' title='bbox 1081 2266 1179 2299; x_wconf 80' lang='lat' dir='ltr'><strong>etiam,</strong></span> <span class='ocrx_word' id='word_1_368' title='bbox 1206 2274 1290 2299; x_wconf 86' lang='lat' dir='ltr'><strong>quam</strong></span> <span class='ocrx_word' id='word_1_369' title='bbox 1316 2265 1400 2298; x_wconf 84' lang='lat' dir='ltr'><strong>solet,</strong></span> <span class='ocrx_word' id='word_1_370' title='bbox 1427 2272 1460 2290; x_wconf 83' lang='lat' dir='ltr'><strong>ex</strong></span> 
     </span>
     <span class='ocr_line' id='line_1_40' title="bbox 147 2306 1334 2344; baseline -0.003 -9"><span class='ocrx_word' id='word_1_371' title='bbox 147 2309 267 2344; x_wconf 83' lang='lat' dir='ltr'><strong>singulis</strong></span> <span class='ocrx_word' id='word_1_372' title='bbox 286 2309 445 2343; x_wconf 87' lang='lat' dir='ltr'><strong>praeceptis</strong></span> <span class='ocrx_word' id='word_1_373' title='bbox 465 2308 659 2342; x_wconf 85' lang='lat' dir='ltr'><strong>Theophrasto</strong></span> <span class='ocrx_word' id='word_1_374' title='bbox 678 2308 759 2334; x_wconf 88' lang='lat' dir='ltr'><strong>reddi</strong></span> <span class='ocrx_word' id='word_1_375' title='bbox 779 2309 905 2342; x_wconf 85' lang='lat' dir='ltr'><strong>possunt,</strong></span> <span class='ocrx_word' id='word_1_376' title='bbox 924 2307 1045 2333; x_wconf 80' lang='lat' dir='ltr'><strong>maxime</strong></span> <span class='ocrx_word' id='word_1_377' title='bbox 1066 2306 1154 2341; x_wconf 88' lang='lat' dir='ltr'><strong>capiti</strong></span> <span class='ocrx_word' id='word_1_378' title='bbox 1171 2306 1334 2340; x_wconf 69' lang='grc' dir='ltr'><em>πρέποντος.</em></span> 
     </span>
    </p>
   </div>
  </div>
 </body>
</html>
