1566 2592
168 145 232 176 122
737 145 829 180 Caput
847 146 918 174 VIII.

165 227 199 259 in
229 227 336 268 priore
360 228 592 260 commentario
616 228 689 269 περὶ
713 234 780 260 τῶν
804 227 951 270 ἀρχαίων
975 229 1140 271 ῥητόρων,
1166 231 1240 262 ante
1263 229 1422 270 σύνταξιν
1444 230 1490 263 de·

168 280 388 313 Demosthene
415 281 516 323 edito,
546 281 580 312 in
607 292 670 323 quo
697 292 771 314 cum
797 281 868 313 aliis
892 282 972 314 locis
995 285 1065 314 tum
1090 282 1124 315 in
1147 284 1218 325 ipso
1242 283 1487 326 Thrasymacho

167 333 428 376 Theophrastum
453 337 617 367 auctorem
640 335 764 376 laudat,
786 335 963 377 Dionysius
986 336 1078 368 illum
1102 337 1200 368 medii
1223 338 1349 380 generis
1367 337 1489 379 princi-

168 399 242 430 pem
263 390 373 430 aperte
391 389 485 430 ponit
504 389 538 420 in
557 388 672 430 Lysiae
693 399 809 431 genere
828 400 853 421 c.
869 390 888 422 6
909 389 952 431 (p.
968 388 1098 433 464R):
1124 391 1204 431 μετὰ
1222 392 1343 429 ταύτας
1362 390 1489 433 ἀρετὴν

112 478 114 485 γ
167 441 309 483 εὑρίσκω
329 443 416 484 παρὰ
439 444 547 485 Λυσίᾳ
565 443 654 474 πάνυ
674 445 883 484 θαυμαστήν,
903 441 941 484 ἧς
962 445 1175 485 Θεόφραστος
1188 443 1250 486 μέν
1265 453 1369 486 φησιν
1387 443 1489 487 ἄρξαι

112 495 113 500 ’
170 496 404 537 Θρασύμαχον,
425 495 488 538 ἐγὼ
504 495 533 528 δ’
553 495 696 538 ἡγοῦμαι
716 499 848 529 Λυσίαν
863 522 869 529 .
885 522 892 529 .
908 522 914 528 .
931 522 936 527 .
956 499 1006 535 τίς
1025 496 1054 529 δ’
1074 496 1165 530 ἐστὶν
1183 498 1226 539 ἥν
1245 510 1329 541 φημι
1349 497 1483 540 ἀρετήνς

167 549 188 590 ἡ
208 548 443 591 συστρέφουσα
462 550 501 582 τὰ
525 551 674 591 νοήματα
697 549 751 582 καὶ
776 550 1019 594 στρογγύλωςι)
1044 550 1230 593 ἐκφέρουσα
1255 551 1355 592 λέξις,
1378 552 1488 584 οἰκεία

167 602 257 635 πάνυ
276 602 331 635 καὶ
351 603 513 645 ἀναγκαία
533 608 603 641 τοῖς
622 604 806 641 δικανικοῖς
825 605 937 645 λόγοις
955 604 1008 636 καὶ
1031 603 1129 636 παντὶ
1155 604 1276 646 ἀληθεῖ
1298 605 1411 646 ἀγῶνι.
1440 605 1492 636 At,

114 658 115 664 ¹
167 656 231 688 hoc
255 657 409 688 iudicium
434 656 651 698 Theophrasti
675 669 741 690 non
767 658 806 688 ad
831 660 937 689 totum
961 668 1063 700 genus
1087 659 1241 699 pertinet,
1266 658 1360 690 nobis
1383 658 1492 691 obicit

116 737 117 741 ,
170 709 447 742 Radermacherus
476 710 571 753 (Mus.
595 710 695 743 Rhen.
719 711 776 752 54,
798 711 892 754 379),
921 713 1017 752 atque
1044 722 1104 744 nos
1128 712 1208 744 adeo
1231 723 1297 744 non
1319 723 1484 754 negamus,

108 784 113 787 -
169 763 385 805 Theophrasti
409 764 631 796 testimonium
658 765 696 796 de
721 776 837 807 genere
860 765 942 797 nihil
965 765 1139 807 affirmare,
1164 768 1201 797 ut
1225 765 1286 808 ipsi
1311 766 1345 798 in
1367 765 1428 798 hac
1449 776 1492 798 re

168 817 261 849 valde
285 817 472 849 insistamus
498 820 530 850 et
550 818 590 850 ab
611 830 647 850 eo
668 818 706 850 de
730 819 905 851 virtutibus
935 821 1060 851 tantum
1088 822 1238 861 putemus
1266 819 1389 852 dictum
1407 829 1489 852 esse.

171 870 393 902 Nihilominus
431 874 558 904 constat
591 872 783 913 Dionysium
821 883 890 904 eam
923 873 1091 915 virtutem,
1124 884 1220 915 quam
1256 872 1492 914 Thrasymacho

170 924 331 956 inventori
358 924 446 956 dedit
472 925 728 967 Theophrastus,
756 927 796 958 ad
823 929 987 958 auctorem
1014 928 1153 968 ἰσχνοῦ
1179 926 1298 967 γένους
1326 926 1493 968 detulisse,

169 988 264 1019 quem
290 978 344 1010 ille
368 981 501 1020 propter
524 980 740 1022 granditatem
765 980 898 1012 nimiam
923 980 1127 1022 vituperavit.
1160 980 1355 1012 Universum
1378 981 1487 1012 autem

172 1030 407 1073 'thrasymachi
427 1042 528 1075 genus
548 1033 582 1064 in
600 1033 748 1074 Lysianis
768 1034 906 1066 collocat
925 1034 1109 1066 oratoribus
1131 1034 1195 1066 alio
1218 1035 1304 1075 loco,
1327 1033 1367 1066 ad
1390 1044 1487 1076 quem

170 1085 257 1117 haud
282 1086 348 1118 scio
369 1097 409 1117 an
430 1086 705 1119 Radermacherus
725 1088 831 1119 minus
851 1087 1031 1119 attenderit.
1066 1087 1157 1120 Isaeo
1182 1088 1266 1120 enim
1291 1089 1429 1120 tractato
1455 1088 1495 1119 eb

170 1139 277 1180 priore
301 1142 392 1181 parte
416 1140 564 1172 absoluta
589 1142 772 1183 catalogum
796 1140 886 1172 addit
909 1152 1034 1183 eorum,
1058 1152 1138 1183 quos
1164 1141 1293 1173 silentio
1313 1141 1494 1183 praeteriit,

172 1193 207 1225 in
236 1204 300 1234 quo
334 1204 400 1225 non
431 1194 558 1226 dubitat
587 1194 863 1236 Thrasymachum
892 1195 925 1226 in
953 1194 1069 1236 Lysiae
1097 1206 1212 1238 genere
1240 1205 1408 1227 numerare
1433 1194 1493 1237 (de

173 1245 265 1278 Isaeo
285 1258 310 1279 c.
326 1247 370 1279 20
389 1259 418 1289 p.
435 1247 498 1279 627
507 1246 564 1291 R):
591 1250 664 1279 Τῶν
684 1246 720 1280 δὲ
739 1250 818 1286 τοὺς
837 1248 983 1290 ἀκριβεῖς
1001 1248 1276 1290 προαιρουμένων
1295 1249 1416 1289 λόγους
1435 1274 1442 1280 .
1457 1273 1464 1281 .
1480 1273 1490 1280 .

172 1300 302 1342 ἐγένετο
319 1326 326 1332 .
343 1327 348 1333 .
365 1327 371 1333 .
390 1302 445 1334 καὶ
463 1302 683 1344 Θρασύμαχος
703 1299 720 1334 ὁ
737 1303 967 1344 Καλχηδόνιος
983 1329 987 1334 .
1003 1328 1010 1334 .
1026 1327 1033 1334 .
1049 1304 1269 1344 Θρασύμαχος
1284 1300 1320 1334 δὲ
1338 1302 1494 1342 καθαρὸς

173 1352 235 1396 μὲν
254 1354 308 1386 καὶ
329 1355 446 1393 λεπτὸς
465 1355 519 1387 καὶ
536 1356 645 1393 δεινὸς
660 1355 771 1397 εὑρεῖν
786 1368 820 1388 τε
835 1357 889 1388 καὶ
905 1357 1011 1388 εἰπεῖν
1026 1356 1237 1397 στρογγύλως
1251 1354 1305 1387 καὶ
1319 1361 1488 1397 περιττῶς,

172 1407 190 1440 ὃ
215 1409 370 1449 βούλεται
389 1433 396 1440 .
412 1434 418 1440 .
435 1434 442 1440 .
465 1410 595 1441 τούτων
619 1411 675 1451 δή,
700 1411 797 1452 φημί,
825 1415 893 1442 τῶν
921 1409 1055 1452 ἀνδρῶν
1080 1409 1135 1442 καὶ
1159 1416 1226 1441 τῶν
1249 1410 1495 1450 παραπλησίων

171 1462 302 1499 τούτοις
328 1462 502 1504 διαφέρειν
529 1464 679 1504 οἰόμενος
699 1465 830 1496 Λυσίαν
855 1462 910 1495 καὶ
937 1465 1047 1504 ὥσπερ
1073 1462 1259 1505 ἀρχέτυπον
1282 1462 1493 1505 ἀπογράφων

171 1515 354 1557 ὑπερέχειν,
375 1516 503 1548 ἐκεῖνον
519 1517 579 1548 τὸν
599 1518 706 1558 ἄνδρα
724 1518 843 1559 ταύτης
862 1518 919 1558 τὴς
937 1516 1159 1558 προαιρέσεως
1174 1522 1241 1548 τῶν
1255 1517 1364 1557 λόγων
1378 1514 1489 1557 ἐποιη-

117 1602 119 1606 ,
173 1569 282 1610 σάμην
301 1571 433 1602 κανόνα.
464 1570 498 1602 Si
518 1570 613 1603 ambo
634 1581 868 1612 comparamus,
887 1571 925 1602 de
939 1570 1090 1612 Dionysii
1103 1570 1210 1612 priore
1228 1570 1387 1602 sententia
1404 1568 1494 1601 nihil

114 1643 132 1654 η
174 1622 308 1655 dubium
335 1626 391 1655 est.
427 1623 703 1665 Thrasymachum
731 1635 803 1656 cum
830 1624 928 1665 Lysia
953 1624 1010 1656 uni
1035 1624 1145 1667 generi
1170 1623 1294 1664 tribuit,
1318 1625 1430 1655 contra
1454 1622 1489 1654 in

174 1676 258 1708 libro
279 1677 316 1708 de
327 1671 550 1710 *Demosthene
570 1689 643 1710 eum
659 1677 881 1720 Theophrasto
902 1689 978 1709 usus
998 1678 1032 1709 in
1051 1677 1157 1709 medio
1176 1688 1293 1720 genere
1307 1673 1495 1718 collocat.¹)

128 1764 129 1768 Ἰ
174 1729 251 1762 Non
270 1730 378 1772 video,
398 1732 560 1772 quomodo
580 1731 659 1764 haec
678 1743 743 1763 non
764 1731 826 1763 sibi
846 1732 1051 1774 impugnent,
1073 1731 1100 1762 si
1118 1741 1228 1762 revera
1246 1729 1495 1771 Theophrastus

121 1805 126 1815 .
174 1784 271 1815 etiam
297 1784 330 1815 in
354 1785 462 1826 priore
485 1785 570 1817 libro
596 1785 760 1817 adhibitus
780 1785 1056 1826 Thrasymachum
1080 1784 1176 1816 medii
1201 1783 1327 1826 generis
1351 1782 1496 1824 εὑρετήν

175 1838 359 1878 appellavit.
390 1837 451 1870 Sed
472 1839 580 1870 omnia
599 1838 846 1881 intelleguntur,
870 1839 897 1869 si
917 1850 956 1870 ex
974 1839 1132 1870 virtutum
1152 1837 1297 1869 doctrina
1316 1847 1353 1868 ea
1371 1835 1496 1868 iudicia

266 1968 291 2000 1)
311 1966 390 1993 Rabe
410 1967 520 1999 erravit„
540 1967 589 2001 qui
609 1966 761 2001 συντομίαν
780 1966 933 2002 significari
953 1965 1085 1992 credidit:
1115 1965 1150 1992 de
1169 1964 1307 1998 Theophr.
1327 1963 1407 1990 libris
1425 1962 1496 1997 περὶ.

175 2005 272 2038 λέξεως
282 2015 308 2040 p.
319 2009 353 2032 43
383 2007 560 2042 Στρόγγυλον
571 2007 607 2034 ad
618 2007 768 2034 rotundam
779 2007 1009 2041 compositionem
1019 2005 1150 2040 pertinet.
1171 2005 1257 2031 Recte
1269 2002 1494 2039 Geigeumfiller:

174 2046 193 2072 l.
208 2046 227 2073 l.
242 2055 268 2080 p.
285 2050 317 2073 91
325 2055 384 2081 sqq.

266 2089 293 2121 2)
313 2087 452 2119 Quoniam
472 2087 501 2114 in
520 2087 660 2121 prioribus
680 2088 792 2114 iudiciis
811 2096 915 2122 genera
939 2087 1052 2113 omnino
1075 2095 1131 2112 non
1156 2085 1367 2117 commemorat,
1390 2082 1493 2110 iudicii

177 2131 271 2154 autem
297 2127 331 2154 de
351 2127 539 2155 Demosthene
562 2136 596 2154 ea
619 2128 804 2155 fundamenta
827 2128 909 2160 facit,
934 2127 1079 2161 complura
1098 2126 1204 2152 iudicia
1223 2125 1396 2152 commutata
1416 2124 1488 2168 sunt.

176 2167 372 2202 Thucydidem
397 2170 480 2194 antea
504 2168 629 2203 neglexit
654 2168 811 2195 oratoribus
833 2169 994 2200 contentus,
1018 2166 1152 2201 Gorgiam
1177 2174 1206 2192 se
1228 2165 1396 2200 praeterisse
1419 2163 1499 2190 din&

177 2208 223 2242 (de
237 2208 316 2235 Isaeo
337 2217 359 2235 c.
373 2211 409 2235 -19
428 2217 455 2242 p.
471 2211 523 2235 625
535 2208 577 2242 R),
597 2209 672 2242 quod
687 2209 818 2235 Isocratis
833 2208 946 2234 dicendi
961 2216 1058 2242 genus,
1077 2207 1126 2233 sed
1142 2206 1222 2240 peius
1237 2205 1361 2232 haberet.
1389 2203 1493 2248 Postea

176 2249 312 2275 Isocrates
336 2249 365 2274 in
390 2247 487 2283 μικτὸν
512 2248 592 2283 γένος
615 2249 796 2283 demigravit,
821 2248 939 2283 Gorgias
963 2249 992 2274 et
1010 2246 1190 2281 Thucydides
1214 2244 1357 2279 magnifici
1380 2251 1497 2288 generis

177 2288 308 2323 exempla
334 2289 411 2315 facta
436 2290 508 2315 sunt.
544 2289 585 2315 De
607 2289 817 2323 Thrasymacho
844 2296 929 2323 supra
955 2288 1063 2314 dictum
1084 2288 1135 2313 est.
1171 2286 1238 2321 Egit
1264 2285 1298 2312 de
1324 2283 1496 2311 differentiis

177 2329 379 2355 Hartmann:
401 2329 441 2356 De
461 2337 567 2356 canone
587 2329 610 2355 X
630 2330 712 2356 oratt.
732 2329 803 2356 Diss.
825 2329 900 2355 Gott.
922 2330 999 2355 1891.
