1566 2592
484 155 524 181 De
543 153 712 180 narrationis
731 151 889 178 virtutibus.
1302 146 1341 178 51

127 241 290 274 Brevitate
309 249 327 270 a
346 237 464 270 Stoicis
484 237 568 268 inter
587 234 701 273 λέξεως
720 233 836 273 ἀρετάς
854 233 982 273 recepta
1001 231 1121 262 factum
1141 231 1203 269 est,
1226 230 1263 260 ut
1281 239 1347 259 om-

39 307 97 329 nes
116 298 181 328 tres
195 291 386 326 narrationis
401 290 536 322 virtutes
550 289 714 329 haberent,
734 286 851 328 quibus
866 285 899 316 in
914 284 1094 316 elocutione
1110 281 1347 324 responderent.

39 349 87 382 Ut
105 350 212 380 autem
231 357 299 378 eam
318 344 508 376 brevitatem
528 341 657 373 virtutis
678 339 793 378 λέξεως
811 338 882 370 loco
902 337 986 379 apud
1006 338 1159 378 posteros.
1171 346 1243 367 raro
1263 334 1348 366 inve-

41 403 156 443 nimus,
175 401 220 432 ita
237 397 388 431 narrandi
406 395 556 428 brevitati
577 394 673 426 etiam
694 392 819 424 dicendi
837 392 1007 433 praecepta
1026 390 1134 421 deesse
1153 388 1266 420 solent.

130 460 356 502 Quintilianus,
370 459 489 500 quippe
505 458 562 499 qui
577 467 703 488 omnem
718 455 824 487 locum
840 454 877 485 de
892 452 1041 484 narrandi
1056 451 1231 483 virtutibus
1246 450 1349 492 magis

42 517 75 548 in
94 515 188 547 rebus
208 515 352 555 collocet,
367 513 398 544 in
419 511 648 553 probabilitate
667 508 795 550 quidem
815 506 955 539 breviter
969 506 1066 538 verba
1085 504 1274 546 perstringit
1288 502 1349 546 (IV

42 569 72 610 2,
82 567 147 611 58).
171 567 276 599 Aliter
290 567 324 598 in
338 565 576 608 perspicuitate,
591 563 666 604 quia
680 562 767 594 iuius
783 561 896 593 aetatis
912 561 1054 591 oratores
1070 558 1099 590 ei
1114 559 1246 599 propter
1260 557 1349 588 infia-

41 625 111 654 tum
130 631 230 664 genus
251 619 376 651 dicendi
395 618 532 650 maxime
552 616 783 649 obtrectabant.
811 613 850 646 In
869 625 905 646 ea
919 613 1020 655 igitur
1035 611 1254 650 Quintilianus
1268 610 1350 642 nihil

41 675 108 708 fere
126 675 190 706 nisi
210 674 248 706 de
267 673 436 705 verborum
456 671 684 714 perspicuitate
703 668 870 711 praecipit,
890 667 968 709 quin
988 666 1084 698 etiam
1104 665 1144 697 ad
1162 664 1351 706 pronuntia-

42 729 164 761 tionem
184 726 309 769 venit.¹)
340 725 543 758 Contrarium
564 726 613 756 est
632 724 665 754 in
684 722 842 754 brevitate
866 720 1024 753 narrandi.
1052 720 1224 760 Συντομία
1248 728 1351 758 neque

44 783 92 814 est
107 781 191 823 apud
206 791 279 813 eum
294 779 396 811 virtus
417 778 540 818 λέξεως,
559 788 662 818 neque
681 777 715 808 in
733 775 915 807 narratione
935 774 1106 816 praecepta
1121 772 1160 804 ad
1175 771 1264 809 λέξιν
1282 782 1352 812 per-

45 835 182 867 tinentia
202 832 452 875 comprehendit.
480 831 644 873 Perpauca
659 830 692 861 in
707 830 854 870 exemplo
875 826 1089 860 Sallustianae
1108 825 1276 857 brevitatis
1291 823 1353 867 (IV

45 889 81 930 2,
95 888 153 931 45)
174 887 237 919 huc
255 886 367 919 referri
386 887 530 927 possunt.

135 949 280 982 Eandem
303 949 422 990 ubique
446 947 627 979 invenimus
651 946 823 977 rationem:
848 943 882 975 Si
907 944 938 975 in
962 942 1156 974 narrationis
1180 940 1354 973 virtutibus

47 1003 187 1035 elocutio
206 1003 350 1043 affertur,
374 1001 420 1033 ita
439 1000 544 1032 afferri
564 999 659 1038 solet,
684 1001 720 1030 ut
738 1000 907 1040 praecepta
926 998 960 1028 in
979 997 1079 1027 altera
1097 996 1188 1036 parte
1207 994 1284 1026 artis
1304 1004 1355 1024 ex-

46 1057 154 1099 posita
172 1056 312 1088 breviter
331 1054 620 1086 commemorentur
639 1051 841 1092 admonendi,
859 1061 925 1082 non
945 1049 1078 1081 docendi
1098 1059 1201 1080 causa.

137 1117 190 1150 Sic
213 1118 310 1149 etiam
334 1117 508 1148 instructus
531 1117 600 1147 erat
624 1114 803 1146 communis
825 1114 898 1144 fons
917 1111 1069 1144 Auctoris
1093 1111 1133 1142 ad
1156 1109 1354 1142 Herennium

48 1174 80 1204 et
98 1171 197 1204 Tullii
216 1169 446 1203 adulescentuli
466 1169 500 1200 in
516 1167 706 1200 Rhetoricis.
735 1167 858 1198 Auctor
876 1176 1055 1207 anonymus
1075 1164 1242 1196 brevitatis
1261 1173 1357 1194 causa

49 1225 172 1266 recidit,
193 1235 273 1266 quae
293 1224 322 1255 ei
341 1223 380 1255 ad
400 1223 612 1254 elocutionem
633 1220 828 1262 pertinentia
847 1220 1008 1261 superflua
1027 1218 1217 1250 videbantur
1236 1218 1267 1248 in
1289 1228 1358 1248 nar-

49 1278 182 1310 ratione.
212 1276 322 1309 Cicero
342 1277 397 1309 illa
417 1276 544 1317 quidem
565 1274 708 1316 exhibet,
727 1274 783 1305 sed
802 1273 874 1306 vide
894 1284 990 1314 quam
1010 1271 1113 1304 exilia.
1142 1270 1181 1302 In
1199 1270 1357 1302 brevitate

50 1331 221 1374 vestigium
236 1332 361 1362 tantum
375 1330 533 1371 reperitur
547 1328 585 1359 de
599 1327 666 1359 Inv.
677 1327 702 1368 I,
716 1327 773 1359 28:
787 1326 883 1369 „Non
897 1326 1002 1358 minus
1017 1336 1122 1356 rerum
1137 1335 1202 1356 non
1216 1334 1357 1355 necessa-

51 1385 170 1416 riarum
191 1395 286 1425 quam
305 1384 464 1415 verborum
483 1381 691 1413 multitudine
710 1380 981 1422 supersedendum
1001 1379 1076 1411 est.“
1108 1378 1179 1410 Hoc
1198 1377 1281 1408 nihil
1299 1379 1358 1418 est,

51 1437 236 1469 meminisse
260 1439 365 1468 autem
390 1437 519 1477 oportet
538 1435 711 1466 Auctorem
736 1434 776 1465 ad
794 1433 870 1465 Her.
894 1433 927 1464 in
951 1432 1145 1472 elocutione,
1172 1441 1253 1472 quae
1273 1429 1358 1462 Cice-

51 1491 140 1522 ronis
159 1500 272 1522 manco
293 1490 382 1531 operi
401 1489 497 1530 deest,
519 1499 584 1519 non
602 1487 720 1519 habere
740 1487 919 1527 συντομίας
938 1485 1066 1527 ἀρετήν.
1094 1484 1194 1516 Paulo
1214 1484 1307 1525 plura
1325 1483 1358 1514 in

53 1543 280 1586 perspicuitate
295 1543 333 1574 de
347 1542 414 1574 Inv.
428 1542 453 1580 I,
468 1541 524 1573 29:
542 1541 608 1582 „Ac
624 1541 730 1572 verbis
746 1551 873 1582 quoque
891 1539 1039 1571 dilucidis
1053 1538 1208 1570 utendum
1223 1539 1280 1579 est,
1295 1548 1358 1578 quo

54 1596 93 1628 de
116 1607 231 1639 genere
255 1595 421 1628 dicendum
445 1597 494 1627 est
518 1595 551 1626 in
574 1594 750 1635 praeceptis
775 1592 993 1625 elocutionis.“
1035 1591 1073 1622 ln
1098 1591 1259 1633 probabili
1285 1601 1359 1622 vero

53 1650 236 1681 narratione
255 1660 294 1681 ne
313 1649 377 1681 tale
392 1649 520 1690 quidem
539 1647 713 1689 vestigium
732 1649 885 1679 remanet.
914 1645 1036 1678 Similis
1056 1645 1137 1676 ratio
1157 1646 1207 1676 est
1226 1646 1258 1676 in
1274 1643 1360 1676 Cice-

53 1703 142 1734 ronis
160 1702 245 1734 libro
264 1702 312 1733 De
328 1701 380 1733 Or.
395 1701 427 1733 II
446 1701 511 1733 326
522 1712 590 1742 sqq.
619 1701 670 1732 Ad
689 1700 788 1732 verba
806 1711 869 1732 non
887 1699 950 1731 nisi
970 1699 1047 1730 haec
1070 1698 1245 1740 pertinent:
1269 1697 1360 1738 „Erit

55 1758 162 1788 autem
189 1755 358 1797 perspicua
381 1755 536 1796 narratio,
560 1754 587 1785 si
610 1754 717 1786 verbis
741 1753 869 1785 usitatis
890 1779 895 1784 .
913 1779 918 1784 .
934 1778 940 1784 .
957 1778 962 1784 .
982 1752 1184 1783 narrabitur“
1208 1750 1253 1794 (II
1272 1750 1360 1791 329).

55 1808 249 1841 Partitiones
273 1807 438 1840 Oratoriae
462 1808 596 1839 virtutes
621 1807 772 1839 narrandi
801 1808 1002 1848 postponunt
1030 1805 1216 1845 elocutioni,
1252 1804 1361 1845 itaque

56 1862 159 1894 filium
179 1862 219 1893 ad
238 1873 284 1904 ea,
304 1872 385 1903 quae
404 1872 500 1902 supra
519 1861 605 1892 dicta
623 1862 708 1901 sunt,
725 1862 818 1902 pater
836 1861 965 1892 revocat
984 1858 1082 1901 (Part.
1099 1857 1151 1890 Or.
1166 1856 1232 1900 32).

144 1926 305 1956 Λεκτικοῦ
324 1925 428 1956 τόπου
447 1924 544 1955 etiam
563 1924 597 1955 in
615 1922 809 1955 narrationis
828 1922 932 1963 capite
952 1921 1089 1952 maxime
1112 1921 1194 1952 ratio
1218 1922 1286 1952 erat
1307 1919 1362 1951 ha-

56 1976 159 2008 benda
177 1976 217 2008 iis
236 1977 456 2018 scriptoribus,
476 1977 531 2018 qui
549 1978 671 2008 nullam
691 1978 815 2017 partem
834 1975 997 2017 propriam
1012 1974 1088 2015 περὶ
1103 1973 1218 2012 λέξεως
1235 1973 1363 2005 exhibe-

57 2029 143 2061 bant.
180 2029 250 2067 Quo
282 2030 402 2061 factum
435 2032 500 2071 est,
535 2032 572 2061 ut
600 2031 745 2061 auctores
773 2028 1082 2070 προγυμνασμάτων
1112 2030 1144 2059 et
1171 2027 1361 2068 Anonymus

58 2081 284 2124 Seguerianus,
303 2093 321 2114 a
340 2094 403 2124 quo
423 2085 531 2124 partes
555 2082 709 2114 orationis
732 2081 828 2125 (μέρη
847 2086 906 2114 τοῦ
926 2080 1042 2123 λόγου)
1063 2082 1250 2121 tractantur,
1268 2080 1361 2121 plura

57 2135 96 2167 de
122 2135 302 2167 elocutione
327 2136 469 2168 offerant.
503 2135 553 2168 Ita
572 2136 610 2168 de
629 2135 735 2167 verbis
758 2135 846 2167 Theo
872 2135 906 2167 in
933 2134 1082 2166 omnibus
1107 2134 1211 2165 tribus
1238 2133 1362 2164 virtuti-

148 2241 173 2274 1)
194 2239 292 2274 Itaque
307 2240 410 2267 Fabius
424 2241 515 2275 magis
535 2241 569 2267 de
589 2240 729 2267 communi
747 2249 809 2273 usu,
828 2248 912 2274 quam
932 2240 966 2266 de
986 2248 1036 2266 sua
1054 2239 1142 2273 ipsius
1156 2238 1264 2265 ratione
1283 2238 1364 2264 testis

57 2281 109 2312 est,
129 2288 192 2306 cum
211 2280 282 2306 dicit
299 2279 329 2306 in
344 2279 509 2307 elocutionis
522 2280 725 2314 perspicuitate
740 2279 814 2313 (VIII
829 2282 854 2311 2,
869 2281 926 2312 22)2
948 2279 1039 2312 „Nam
1059 2288 1148 2306 rerum
1167 2277 1363 2312 perspicuitas,

58 2320 197 2353 quomodo
216 2319 387 2354 praestanda
405 2320 450 2352 sit,
469 2320 590 2346 diximus
609 2320 637 2346 in
657 2319 816 2354 praeceptis
835 2319 1028 2345 narrationis.‘⁴

1115 2363 1149 2388 4*
