1566 2592
367 110 408 138 De
426 110 562 137 virtutum
580 110 693 136 dicendi
713 110 788 144 apud
807 110 947 138 Romanos
966 110 1082 137 ratione.
1334 110 1377 141 59

67 193 183 235 dicere,
202 192 288 234 quod
304 191 414 224 Graeci
429 193 545 224 vocant
563 191 829 233 αὐτοσχεδιάζειν
843 190 897 233 (Χ,
913 190 956 234 7).
985 191 1052 223 Iam
1070 203 1107 223 ex
1123 192 1172 232 iis,
1192 202 1273 233 quae
1292 203 1378 223 sum-

5 259 9 262 ·
38 275 39 278 ,
69 246 181 279 matim
200 245 376 286 attulimus,
395 246 506 286 elucet,
525 244 603 286 quid
621 244 703 276 liber
722 244 751 276 X
772 245 836 276 sibi
855 245 940 276 velit.
969 244 1062 277 Nihil
1082 246 1132 276 est
1150 245 1213 276 nisi
1228 255 1378 286 praecep·
1440 292 1443 295 s

69 302 175 332 torum
199 298 345 340 ornandi,
371 309 452 340 quae
476 297 601 330 duobus
625 297 717 330 libris
742 298 1003 330 antecedentibus
1028 299 1151 339 insunt,
1176 297 1377 340 appendis),

69 363 167 394 quam
185 363 224 384 ex
241 351 411 383 vernaculo
434 362 495 383 usu
519 351 768 394 paedagogicam
791 351 867 383 licet
891 352 1063 392 appellare,
1087 352 1238 392 quoniam
1262 351 1377 393 τέχνης

70 405 187 438 rationi
205 404 352 447 adiungit
370 404 455 436 viam
474 404 648 446 ἀσκήσεως.
678 403 716 435 In
735 405 841 446 ipsum
856 404 974 436 librum
989 404 1034 436 IX
1049 405 1148 446 recipi
1163 415 1227 436 non
1242 407 1379 446 poterat,

70 458 147 500 quia
165 458 218 498 ille
237 458 358 489 iustum
377 458 440 489 iam
461 458 597 490 excessit
618 457 799 500 spatium.²)
830 457 893 489 Sed
911 458 952 489 ad
974 458 1195 499 praecedentia
1220 457 1288 489 sola
1311 469 1380 499 per-

71 511 152 543 tinet
174 521 277 552 neque
300 511 450 542 cohaeret
473 522 545 542 cum
569 511 643 543 libri
666 511 828 543 undecimi
851 511 954 542 initio.
991 510 1094 542 Immo
1121 522 1196 542 vero
1225 511 1379 542 libentius

68 565 110 596 ad
128 565 314 596 memoriam
334 565 441 596 statim
462 565 630 596 transisset
648 563 768 596 Fabius
782 563 813 595 X
829 564 857 605 7,
872 564 929 596 33:
951 563 1032 605 „Sed
1053 564 1090 596 de
1109 564 1265 595 memoria
1284 564 1380 596 desti-

69 619 164 650 natus
183 619 233 649 est
250 617 334 649 libro
354 618 502 659 proximo
521 618 611 650 locus
634 629 693 650 nec
715 617 791 649 huic
814 618 897 659 parti
922 617 1179 660 subiungendus,
1204 617 1280 658 quia
1305 620 1380 649 sunt

70 670 134 703 alia
152 670 242 712 prius
261 671 354 702 nobis
373 671 535 703 dicenda.“
562 670 650 709 Quae
669 673 744 703 sunt
762 672 818 703 ina
839 670 948 702 ‘alia’?
967 670 1040 703 Una
1059 681 1098 702 ex
1114 672 1267 712 quattuor
1281 670 1380 702 virtu-

70 724 158 756 tibus
186 724 310 765 reliqua
337 726 418 764 erat,
447 724 570 756 scilicet
594 724 745 756 decorum
771 723 940 767 (πρέπον),
969 723 1058 755 cuius
1087 726 1258 765 praecepta
1286 724 1380 755 initio

71 776 232 809 undecimi
250 776 325 809 libri
344 777 553 818 explicantur,
571 788 674 819 neque
693 778 733 808 ad
753 777 939 809 memoriam
958 777 1094 809 transire
1114 779 1254 818 poterat,
1277 777 1381 819 prius-

72 841 169 871 quam
189 830 328 862 elocutio
348 831 417 862 tota
436 830 476 862 ad
494 831 591 862 finem
609 831 844 872 perduceretur.
881 830 1050 862 Prooemio
1071 830 1172 872 igitur
1189 830 1265 861 libri
1284 830 1381 861 unde—

72 883 148 914 cimi
167 881 306 924 ‘aptum’
324 882 363 914 ad
391 885 539 915 ornatum
568 883 755 926 adiungitur
779 883 839 926 (XI
856 884 883 925 1,
899 882 943 926 2),
963 895 1026 924 qua
1045 883 1236 925 disponendi
1255 883 1381 914 ratione

73 936 191 968 librum
219 936 376 968 decimum
404 936 610 977 παρένθεσιν
636 948 704 969 esse
727 937 892 979 probatur.
924 936 1036 968 Omnis
1060 939 1167 968 autem
1190 936 1381 968 elocutionis
1423 940 1432 945 ”

74 989 255 1031 praeceptio
276 986 428 1031 quattuor
446 990 619 1022 virtutibus
639 990 782 1022 subiecta
801 992 857 1022 est.

163 1042 319 1074 Tenemus
347 1042 539 1080 Quintiliani
566 1045 732 1075 rationem.
772 1043 870 1075 Initio
903 1044 1030 1075 easdem
1065 1045 1218 1085 quattuor
1246 1043 1381 1075 virtutes

75 1096 150 1127 iecit
163 1095 251 1127 velut
265 1095 472 1127 fundamenta
487 1096 725 1138 disputationis,
743 1097 810 1139 egit
829 1097 943 1128 deinde
957 1095 1037 1128 VIII
1054 1097 1070 1128 1
1091 1096 1166 1138 περὶ
1182 1096 1382 1138 ἑλληνισμοῦ

73 1148 128 1190 (de
146 1148 344 1191 Latinitate).
373 1148 525 1190 Sequitur
551 1150 763 1191 perspicuitas
792 1149 936 1193 (V1112)
966 1161 1039 1183 cum
1068 1150 1147 1182 vitio
1176 1150 1205 1181 ei
1232 1150 1382 1191 opposito

73 1202 288 1234 obscuritatis.
318 1202 399 1234 Tum
419 1202 459 1234 ad
478 1205 625 1235 ornatum
644 1203 759 1235 transit
779 1202 860 1246 (cap.
876 1202 1000 1246 3sqq.)‚
1021 1214 1101 1244 quae
1121 1202 1224 1235 virtus
1244 1203 1300 1235 illa
1318 1203 1383 1234 iam

73 1256 178 1287 aetate
198 1266 324 1287 omnem
344 1255 409 1287 fere
429 1255 666 1288 institutionem
686 1256 801 1295 λέξεως
821 1256 999 1298 arripuerat
1013 1257 1210 1298 reliquarum
1224 1257 1382 1288 virtutum

74 1308 238 1349 provincia
257 1308 334 1340 satis
353 1308 524 1341 deminuta.
553 1309 641 1341 Haec
660 1312 766 1341 autem
787 1310 892 1351 capita
911 1312 1061 1341 ornatum
1081 1310 1239 1342 efficiunt:

164 1378 242 1410 Pars
261 1379 304 1411 A:
383 1378 398 1410 Ι
418 1379 568 1412 Delectus
592 1381 761 1412 verborum
785 1395 819 1407 ω
843 1379 960 1421 ἐκλογὴ
986 1381 1158 1421 ὀνομάτων
1191 1380 1271 1412 VIII
1291 1381 1325 1421 3,
1343 1381 1383 1412 15

513 1433 552 1464 ad
571 1433 623 1464 40.

370 1493 401 1526 II
421 1494 598 1527 Continuae
618 1495 772 1527 orationis
792 1498 923 1527 ornatus

460 1547 493 1590 a)
512 1551 702 1591 προαίρεσις
721 1549 862 1581 40—41.

458 1600 494 1644 b)
513 1601 551 1633 de
570 1602 657 1634 vitiis
676 1602 818 1634 42—60.

461 1653 492 1697 c)
513 1657 645 1687 ornatus
666 1655 809 1687 definitio
830 1656 880 1687 61.

460 1707 493 1750 d)
514 1707 666 1749 ἐνάργεια
686 1719 757 1740 cum
779 1709 933 1740 brevitate
954 1708 1025 1752 (82)
1045 1709 1186 1741 61—82.

462 1759 492 1803 e)
512 1759 653 1803 ἔμφασις
672 1761 725 1804 (cf.
740 1761 787 1793 IX
803 1762 831 1803 2,
847 1761 903 1804 64)
928 1764 959 1793 et
984 1762 1038 1793 alii
1059 1762 1189 1804 quidam
1209 1763 1296 1794 modi
1316 1762 1385 1794 bre-

511 1814 594 1847 viter
611 1816 796 1856 pertractati
817 1815 957 1847 83—90.

460 1867 491 1910 f)
511 1867 645 1909 αὔξησις
665 1871 697 1900 et
715 1870 847 1909 μείωσις
866 1879 933 1910 cap.
947 1871 977 1900 4.

456 1920 491 1963 g)
511 1921 549 1952 de
568 1922 735 1953 sententiis
754 1937 788 1948 ω
807 1922 881 1963 περὶ
901 1923 1032 1964 γνώμης
1052 1933 1119 1964 cap.
1134 1922 1163 1954 5.

456 1974 492 2017 h)
513 1975 550 2006 de
570 1975 672 2016 tropis
692 1985 759 2016 cap.
777 1975 807 2016 6,

511 2039 575 2069 quo
595 2028 628 2059 in
648 2028 752 2069 capite
771 2029 868 2060 etiam
888 2029 1044 2061 translata
1063 2031 1269 2071 collocantur,

169 2112 194 2146 1)
213 2112 301 2139 Nobis
321 2121 386 2140 sane
406 2114 452 2140 hic
470 2114 542 2141 liber
560 2118 674 2149 propter
692 2115 775 2149 primi
796 2116 896 2150 capitis
915 2116 1020 2142 iudicia
1045 2116 1179 2142 historica
1202 2117 1384 2151 gravissimus

77 2153 129 2177 est.
159 2151 213 2178 Sed
232 2152 298 2179 talis
317 2154 476 2181 aestimatio
496 2156 653 2189 temporum
673 2155 820 2182 intervallo
840 2155 948 2189 nititur,
969 2156 1143 2188 Quintiliano
1163 2156 1279 2190 eiusque
1297 2158 1384 2183 aetati

79 2192 194 2218 octavus
213 2193 242 2218 et
259 2201 348 2219 nonus
368 2193 439 2220 liber
457 2194 545 2221 multo
564 2195 653 2229 pluris
673 2196 753 2221 erant
772 2196 887 2222 decimo.

166 2233 192 2266 2)
211 2231 249 2258 IX
263 2234 292 2264 4,
309 2235 372 2259 146:
396 2233 487 2266 „Nam
511 2235 593 2261 finem
617 2235 759 2268 imponere
784 2244 894 2269 egresso
921 2237 1094 2263 destinatum
1119 2237 1231 2263 modum
1251 2237 1386 2263 volumini

78 2271 198 2298 festino“
219 2272 253 2298 cf.
273 2272 342 2298 ibid.
360 2276 419 2300 138.
