<?xml version="1.0" encoding="UTF-8"?>
<!DOCTYPE html PUBLIC "-//W3C//DTD XHTML 1.0 Transitional//EN"
    "http://www.w3.org/TR/xhtml1/DTD/xhtml1-transitional.dtd">
<html xmlns="http://www.w3.org/1999/xhtml" xml:lang="en" lang="en">
 <head>
  <title>
</title>
<meta http-equiv="Content-Type" content="text/html;charset=utf-8" />
  <meta name='ocr-system' content='tesseract 3.04.00' />
  <meta name='ocr-capabilities' content='ocr_page ocr_carea ocr_par ocr_line ocrx_word'/>
</head>
<body>
  <div class='ocr_page' id='page_1' title='image "./detheophrastivir00strouoft_0017.png"; bbox 0 0 1566 2592; ppageno 0'>
   <div class='ocr_carea' id='block_1_1' title="bbox 1438 144 1455 154">
    <p class='ocr_par' dir='ltr' id='par_1_1' title="bbox 1438 144 1455 154">
     <span class='ocr_line' id='line_1_1' title="bbox 1438 144 1455 154; baseline 0 -4"><span class='ocrx_word' id='word_1_1' title='bbox 1438 144 1455 154; x_wconf 78' lang='grc'>,-</span> 
     </span>
    </p>
   </div>
   <div class='ocr_carea' id='block_1_2' title="bbox 629 143 1450 177">
    <p class='ocr_par' dir='ltr' id='par_1_2' title="bbox 629 143 1450 177">
     <span class='ocr_line' id='line_1_2' title="bbox 629 143 1450 177; baseline 0 -8"><span class='ocrx_word' id='word_1_2' title='bbox 629 143 671 169; x_wconf 89' lang='lat' dir='ltr'>De</span> <span class='ocrx_word' id='word_1_3' title='bbox 689 143 766 169; x_wconf 87' lang='lat' dir='ltr'>statu</span> <span class='ocrx_word' id='word_1_4' title='bbox 785 143 965 177; x_wconf 76' lang='lat' dir='ltr'>quaestionis.</span> <span class='ocrx_word' id='word_1_5' title='bbox 1443 155 1450 175; x_wconf 69' lang='lat'><em>⁴</em></span> 
     </span>
    </p>
   </div>
   <div class='ocr_carea' id='block_1_3' title="bbox 144 224 1509 2074">
    <p class='ocr_par' dir='ltr' id='par_1_3' title="bbox 150 224 1477 373">
     <span class='ocr_line' id='line_1_3' title="bbox 150 224 1453 267; baseline 0 -10"><span class='ocrx_word' id='word_1_6' title='bbox 150 225 294 257; x_wconf 77' lang='lat' dir='ltr'>doctrine</span> <span class='ocrx_word' id='word_1_7' title='bbox 314 225 351 256; x_wconf 85' lang='lat' dir='ltr'>of</span> <span class='ocrx_word' id='word_1_8' title='bbox 370 225 452 266; x_wconf 87' lang='lat' dir='ltr'>style</span> <span class='ocrx_word' id='word_1_9' title='bbox 475 234 510 255; x_wconf 82' lang='lat' dir='ltr'>as</span> <span class='ocrx_word' id='word_1_10' title='bbox 529 224 556 255; x_wconf 87' lang='lat' dir='ltr'>it</span> <span class='ocrx_word' id='word_1_11' title='bbox 579 234 667 256; x_wconf 88' lang='lat' dir='ltr'>came</span> <span class='ocrx_word' id='word_1_12' title='bbox 690 224 775 256; x_wconf 86' lang='lat' dir='ltr'>from</span> <span class='ocrx_word' id='word_1_13' title='bbox 793 224 844 255; x_wconf 89' lang='lat' dir='ltr'>his</span> <span class='ocrx_word' id='word_1_14' title='bbox 863 226 998 256; x_wconf 85' lang='lat' dir='ltr'>masters</span> <span class='ocrx_word' id='word_1_15' title='bbox 1022 224 1145 256; x_wconf 85' lang='lat' dir='ltr'>hands“</span> <span class='ocrx_word' id='word_1_16' title='bbox 1163 224 1363 267; x_wconf 89' lang='lat' dir='ltr'>(Demetrius</span> <span class='ocrx_word' id='word_1_17' title='bbox 1381 225 1453 266; x_wconf 78' lang='grc' dir='ltr'><strong><em>περὶ</em></strong></span> 
     </span>
     <span class='ocr_line' id='line_1_4' title="bbox 151 276 1477 322; baseline 0 -12"><span class='ocrx_word' id='word_1_18' title='bbox 151 277 324 322; x_wconf 68' lang='grc' dir='ltr'><strong><em>ἑρμηνείας</em></strong></span> <span class='ocrx_word' id='word_1_19' title='bbox 337 277 416 309; x_wconf 90' lang='lat' dir='ltr'>with</span> <span class='ocrx_word' id='word_1_20' title='bbox 431 277 651 309; x_wconf 87' lang='lat' dir='ltr'>introduction</span> <span class='ocrx_word' id='word_1_21' title='bbox 666 280 724 309; x_wconf 83' lang='lat' dir='ltr'>etc.</span> <span class='ocrx_word' id='word_1_22' title='bbox 746 276 939 320; x_wconf 86' lang='lat' dir='ltr'>Cambridge</span> <span class='ocrx_word' id='word_1_23' title='bbox 957 277 1041 309; x_wconf 81' lang='lat'>1902</span> <span class='ocrx_word' id='word_1_24' title='bbox 1057 289 1086 319; x_wconf 91' lang='lat' dir='ltr'>p.</span> <span class='ocrx_word' id='word_1_25' title='bbox 1105 277 1170 321; x_wconf 87' lang='grc'>16).</span> <span class='ocrx_word' id='word_1_26' title='bbox 1200 278 1284 310; x_wconf 85' lang='lat' dir='ltr'>Satis</span> <span class='ocrx_word' id='word_1_27' title='bbox 1304 278 1367 310; x_wconf 89' lang='lat' dir='ltr'>iam</span> <span class='ocrx_word' id='word_1_28' title='bbox 1386 290 1456 320; x_wconf 89' lang='lat' dir='ltr'>per·</span> <span class='ocrx_word' id='word_1_29' title='bbox 1476 294 1477 298; x_wconf 48' lang='lat'>¹</span> 
     </span>
     <span class='ocr_line' id='line_1_5' title="bbox 150 330 1278 373; baseline 0 -10"><span class='ocrx_word' id='word_1_30' title='bbox 150 331 284 373; x_wconf 87' lang='lat' dir='ltr'>spicitur</span> <span class='ocrx_word' id='word_1_31' title='bbox 302 341 356 362; x_wconf 88' lang='lat' dir='ltr'>eos</span> <span class='ocrx_word' id='word_1_32' title='bbox 375 330 498 372; x_wconf 85' lang='lat' dir='ltr'>vicisse,</span> <span class='ocrx_word' id='word_1_33' title='bbox 517 330 572 371; x_wconf 86' lang='lat' dir='ltr'>qui</span> <span class='ocrx_word' id='word_1_34' title='bbox 592 341 709 373; x_wconf 86' lang='lat' dir='ltr'>genera</span> <span class='ocrx_word' id='word_1_35' title='bbox 728 330 767 362; x_wconf 85' lang='lat' dir='ltr'>ad</span> <span class='ocrx_word' id='word_1_36' title='bbox 787 330 1045 371; x_wconf 75' lang='lat' dir='ltr'><strong>Theophrastum</strong></span> <span class='ocrx_word' id='word_1_37' title='bbox 1065 331 1278 368; x_wconf 71' lang='lat' dir='ltr'>detulerintl)</span> 
     </span>
    </p>

    <p class='ocr_par' dir='ltr' id='par_1_4' title="bbox 144 383 1509 2074">
     <span class='ocr_line' id='line_1_6' title="bbox 239 383 1457 425; baseline 0.001 -10"><span class='ocrx_word' id='word_1_38' title='bbox 239 383 359 416; x_wconf 81' lang='lat' dir='ltr'><strong>Tamen</strong></span> <span class='ocrx_word' id='word_1_39' title='bbox 371 394 437 415; x_wconf 92' lang='lat' dir='ltr'>non</span> <span class='ocrx_word' id='word_1_40' title='bbox 451 394 583 424; x_wconf 88' lang='lat' dir='ltr'>prorsus</span> <span class='ocrx_word' id='word_1_41' title='bbox 599 383 709 425; x_wconf 89' lang='lat' dir='ltr'>defuit,</span> <span class='ocrx_word' id='word_1_42' title='bbox 724 383 779 425; x_wconf 89' lang='lat' dir='ltr'>qui</span> <span class='ocrx_word' id='word_1_43' title='bbox 795 385 906 423; x_wconf 83' lang='lat' dir='ltr'>contra</span> <span class='ocrx_word' id='word_1_44' title='bbox 920 383 1107 425; x_wconf 80' lang='lat' dir='ltr'>disputaret.</span> <span class='ocrx_word' id='word_1_45' title='bbox 1132 383 1309 416; x_wconf 83' lang='lat' dir='ltr'>Guilelmus</span> <span class='ocrx_word' id='word_1_46' title='bbox 1325 384 1457 416; x_wconf 86' lang='lat' dir='ltr'>Schmid</span> 
     </span>
     <span class='ocr_line' id='line_1_7' title="bbox 150 418 1455 479; baseline 0 -10"><span class='ocrx_word' id='word_1_47' title='bbox 150 438 183 469; x_wconf 91' lang='lat' dir='ltr'>in</span> <span class='ocrx_word' id='word_1_48' title='bbox 202 418 471 469; x_wconf 56' lang='lat' dir='ltr'>menam</span> <span class='ocrx_word' id='word_1_49' title='bbox 490 430 606 468; x_wconf 62' lang='grc'>110149</span> <span class='ocrx_word' id='word_1_50' title='bbox 622 436 666 479; x_wconf 85' lang='lat' dir='ltr'>(p.</span> <span class='ocrx_word' id='word_1_51' title='bbox 679 436 741 468; x_wconf 86' lang='lat'>133</span> <span class='ocrx_word' id='word_1_52' title='bbox 749 436 832 478; x_wconf 87' lang='lat' dir='ltr'>sqq.)</span> <span class='ocrx_word' id='word_1_53' title='bbox 847 436 885 468; x_wconf 87' lang='lat' dir='ltr'>de</span> <span class='ocrx_word' id='word_1_54' title='bbox 904 437 1009 468; x_wconf 88' lang='lat' dir='ltr'>tribus</span> <span class='ocrx_word' id='word_1_55' title='bbox 1029 437 1154 468; x_wconf 87' lang='lat' dir='ltr'>dicendi</span> <span class='ocrx_word' id='word_1_56' title='bbox 1174 438 1344 479; x_wconf 89' lang='lat' dir='ltr'>generibus</span> <span class='ocrx_word' id='word_1_57' title='bbox 1359 439 1455 479; x_wconf 89' lang='lat' dir='ltr'>scrip-</span> 
     </span>
     <span class='ocr_line' id='line_1_8' title="bbox 149 490 1457 532; baseline 0.001 -11"><span class='ocrx_word' id='word_1_58' title='bbox 149 491 192 522; x_wconf 98' lang='lat' dir='ltr'>sit</span> <span class='ocrx_word' id='word_1_59' title='bbox 210 490 316 522; x_wconf 87' lang='lat' dir='ltr'>Procli</span> <span class='ocrx_word' id='word_1_60' title='bbox 336 490 586 522; x_wconf 86' lang='lat' dir='ltr'>chrestomathia</span> <span class='ocrx_word' id='word_1_61' title='bbox 605 490 760 522; x_wconf 89' lang='lat' dir='ltr'>adductus</span> <span class='ocrx_word' id='word_1_62' title='bbox 780 501 917 531; x_wconf 85' lang='lat' dir='ltr'>cumque</span> <span class='ocrx_word' id='word_1_63' title='bbox 936 490 969 521; x_wconf 92' lang='lat' dir='ltr'>in</span> <span class='ocrx_word' id='word_1_64' title='bbox 991 501 1101 522; x_wconf 91' lang='lat' dir='ltr'>eorum</span> <span class='ocrx_word' id='word_1_65' title='bbox 1124 490 1293 522; x_wconf 74' lang='lat' dir='ltr'>historiam</span> <span class='ocrx_word' id='word_1_66' title='bbox 1316 492 1457 532; x_wconf 86' lang='lat' dir='ltr'>inquire-</span> 
     </span>
     <span class='ocr_line' id='line_1_9' title="bbox 148 542 1455 585; baseline 0 -9"><span class='ocrx_word' id='word_1_67' title='bbox 148 546 206 584; x_wconf 84' lang='lat' dir='ltr'>ret,</span> <span class='ocrx_word' id='word_1_68' title='bbox 225 555 244 575; x_wconf 89' lang='lat' dir='ltr'>a</span> <span class='ocrx_word' id='word_1_69' title='bbox 257 543 471 585; x_wconf 75' lang='lat' dir='ltr'>Theophrasti</span> <span class='ocrx_word' id='word_1_70' title='bbox 490 543 635 574; x_wconf 88' lang='lat' dir='ltr'>doctrina</span> <span class='ocrx_word' id='word_1_71' title='bbox 654 554 690 574; x_wconf 89' lang='lat' dir='ltr'>ea</span> <span class='ocrx_word' id='word_1_72' title='bbox 709 543 813 575; x_wconf 87' lang='lat' dir='ltr'>aliena</span> <span class='ocrx_word' id='word_1_73' title='bbox 832 554 901 575; x_wconf 90' lang='lat' dir='ltr'>esse</span> <span class='ocrx_word' id='word_1_74' title='bbox 921 543 1082 585; x_wconf 84' lang='lat' dir='ltr'>cognovit.</span> <span class='ocrx_word' id='word_1_75' title='bbox 1110 542 1249 575; x_wconf 87' lang='lat' dir='ltr'>Videtur</span> <span class='ocrx_word' id='word_1_76' title='bbox 1267 546 1375 575; x_wconf 89' lang='lat' dir='ltr'>autem</span> <span class='ocrx_word' id='word_1_77' title='bbox 1395 544 1455 576; x_wconf 89' lang='lat' dir='ltr'>sibi</span> 
     </span>
     <span class='ocr_line' id='line_1_10' title="bbox 147 595 1455 639; baseline 0 -11"><span class='ocrx_word' id='word_1_78' title='bbox 147 596 333 639; x_wconf 57' lang='lat' dir='ltr'>probavisse</span> <span class='ocrx_word' id='word_1_79' title='bbox 349 607 367 627; x_wconf 88' lang='lat' dir='ltr'>a</span> <span class='ocrx_word' id='word_1_80' title='bbox 382 595 498 628; x_wconf 88' lang='lat' dir='ltr'>Stoicis</span> <span class='ocrx_word' id='word_1_81' title='bbox 518 607 634 639; x_wconf 84' lang='lat' dir='ltr'>genera</span> <span class='ocrx_word' id='word_1_82' title='bbox 653 596 779 628; x_wconf 88' lang='lat' dir='ltr'>dicendi</span> <span class='ocrx_word' id='word_1_83' title='bbox 795 607 861 628; x_wconf 87' lang='lat' dir='ltr'>esse</span> <span class='ocrx_word' id='word_1_84' title='bbox 881 596 1020 634; x_wconf 86' lang='lat' dir='ltr'>inventa,</span> <span class='ocrx_word' id='word_1_85' title='bbox 1035 596 1293 638; x_wconf 78' lang='lat' dir='ltr'>Theophrastum</span> <span class='ocrx_word' id='word_1_86' title='bbox 1309 597 1455 629; x_wconf 82' lang='lat' dir='ltr'>docuisse</span> 
     </span>
     <span class='ocr_line' id='line_1_11' title="bbox 149 648 1455 691; baseline -0.001 -9"><span class='ocrx_word' id='word_1_87' title='bbox 149 650 238 687; x_wconf 82' lang='grc' dir='ltr'><strong><em>ἰδέας</em></strong></span> <span class='ocrx_word' id='word_1_88' title='bbox 262 649 395 682; x_wconf 90' lang='lat' dir='ltr'>dicendi.</span> <span class='ocrx_word' id='word_1_89' title='bbox 427 649 514 687; x_wconf 85' lang='lat' dir='ltr'>Quae</span> <span class='ocrx_word' id='word_1_90' title='bbox 537 660 610 680; x_wconf 85' lang='lat' dir='ltr'>eum</span> <span class='ocrx_word' id='word_1_91' title='bbox 634 651 740 680; x_wconf 89' lang='lat' dir='ltr'>essent</span> <span class='ocrx_word' id='word_1_92' title='bbox 760 650 798 680; x_wconf 90' lang='lat' dir='ltr'>ab</span> <span class='ocrx_word' id='word_1_93' title='bbox 818 648 958 681; x_wconf 86' lang='lat' dir='ltr'>Isocrate</span> <span class='ocrx_word' id='word_1_94' title='bbox 984 649 1166 690; x_wconf 75' lang='lat' dir='ltr'>inchoatae,</span> <span class='ocrx_word' id='word_1_95' title='bbox 1191 661 1210 680; x_wconf 87' lang='lat' dir='ltr'>a</span> <span class='ocrx_word' id='word_1_96' title='bbox 1233 649 1455 691; x_wconf 79' lang='lat' dir='ltr'>Theophrasto</span> 
     </span>
     <span class='ocr_line' id='line_1_12' title="bbox 147 702 1456 745; baseline 0.001 -11"><span class='ocrx_word' id='word_1_97' title='bbox 147 705 352 745; x_wconf 82' lang='lat' dir='ltr'>propagatae,</span> <span class='ocrx_word' id='word_1_98' title='bbox 370 702 584 745; x_wconf 86' lang='lat' dir='ltr'>Hermogenis</span> <span class='ocrx_word' id='word_1_99' title='bbox 604 702 739 744; x_wconf 80' lang='lat' dir='ltr'>denique</span> <span class='ocrx_word' id='word_1_100' title='bbox 759 713 856 743; x_wconf 87' lang='lat' dir='ltr'>opera</span> <span class='ocrx_word' id='word_1_101' title='bbox 875 703 915 734; x_wconf 88' lang='lat' dir='ltr'>ad</span> <span class='ocrx_word' id='word_1_102' title='bbox 933 714 1068 744; x_wconf 89' lang='lat' dir='ltr'>regnum</span> <span class='ocrx_word' id='word_1_103' title='bbox 1088 713 1140 734; x_wconf 84' lang='lat' dir='ltr'>eas</span> <span class='ocrx_word' id='word_1_104' title='bbox 1159 703 1348 744; x_wconf 88' lang='lat' dir='ltr'>pervenisse.</span> <span class='ocrx_word' id='word_1_105' title='bbox 1369 702 1456 740; x_wconf 82' lang='lat' dir='ltr'>Quot</span> 
     </span>
     <span class='ocr_line' id='line_1_13' title="bbox 148 755 1455 797; baseline 0 -9"><span class='ocrx_word' id='word_1_106' title='bbox 148 756 239 794; x_wconf 79' lang='grc' dir='ltr'><strong><em>ἰδέας</em></strong></span> <span class='ocrx_word' id='word_1_107' title='bbox 258 756 499 797; x_wconf 82' lang='lat' dir='ltr'>Theophrastus</span> <span class='ocrx_word' id='word_1_108' title='bbox 518 758 717 788; x_wconf 73' lang='lat' dir='ltr'>numerasset</span> <span class='ocrx_word' id='word_1_109' title='bbox 740 767 805 787; x_wconf 91' lang='lat' dir='ltr'>non</span> <span class='ocrx_word' id='word_1_110' title='bbox 825 758 980 788; x_wconf 85' lang='lat' dir='ltr'>constare.</span> <span class='ocrx_word' id='word_1_111' title='bbox 1008 755 1229 797; x_wconf 86' lang='lat' dir='ltr'>„Theophrast</span> <span class='ocrx_word' id='word_1_112' title='bbox 1253 756 1455 788; x_wconf 82' lang='lat' dir='ltr'>unterschied</span> 
     </span>
     <span class='ocr_line' id='line_1_14' title="bbox 147 809 1456 851; baseline 0.002 -11"><span class='ocrx_word' id='word_1_113' title='bbox 147 809 343 841; x_wconf 88' lang='lat' dir='ltr'>mindestens</span> <span class='ocrx_word' id='word_1_114' title='bbox 366 810 436 840; x_wconf 85' lang='lat' dir='ltr'>vier</span> <span class='ocrx_word' id='word_1_115' title='bbox 459 809 543 841; x_wconf 80' lang='grc' dir='ltr'><em>ἰδέαι</em></span> <span class='ocrx_word' id='word_1_116' title='bbox 563 809 678 848; x_wconf 80' lang='grc' dir='ltr'><strong><em>λέξεως</em></strong></span> <span class='ocrx_word' id='word_1_117' title='bbox 693 828 734 831; x_wconf 90' lang='grc'><strong>-</strong></span> <span class='ocrx_word' id='word_1_118' title='bbox 750 809 811 840; x_wconf 85' lang='lat' dir='ltr'>dass</span> <span class='ocrx_word' id='word_1_119' title='bbox 832 820 865 840; x_wconf 92' lang='lat' dir='ltr'>es</span> <span class='ocrx_word' id='word_1_120' title='bbox 890 809 966 841; x_wconf 83' lang='lat' dir='ltr'>bloss</span> <span class='ocrx_word' id='word_1_121' title='bbox 986 810 1053 840; x_wconf 81' lang='lat' dir='ltr'>vier</span> <span class='ocrx_word' id='word_1_122' title='bbox 1076 819 1222 851; x_wconf 85' lang='lat' dir='ltr'>gewesen</span> <span class='ocrx_word' id='word_1_123' title='bbox 1245 810 1344 851; x_wconf 87' lang='lat' dir='ltr'>seien,</span> <span class='ocrx_word' id='word_1_124' title='bbox 1368 810 1456 842; x_wconf 83' lang='lat' dir='ltr'><strong>kann</strong></span> 
     </span>
     <span class='ocr_line' id='line_1_15' title="bbox 147 861 1456 905; baseline 0 -11"><span class='ocrx_word' id='word_1_125' title='bbox 147 862 252 894; x_wconf 88' lang='lat' dir='ltr'>weder</span> <span class='ocrx_word' id='word_1_126' title='bbox 271 873 327 894; x_wconf 89' lang='lat' dir='ltr'>aus</span> <span class='ocrx_word' id='word_1_127' title='bbox 343 862 453 894; x_wconf 85' lang='lat' dir='ltr'>Cicero</span> <span class='ocrx_word' id='word_1_128' title='bbox 469 888 476 894; x_wconf 92' lang='lat'>.</span> <span class='ocrx_word' id='word_1_129' title='bbox 491 888 498 894; x_wconf 90' lang='lat'><strong><em>.</em></strong></span> <span class='ocrx_word' id='word_1_130' title='bbox 514 888 520 894; x_wconf 93' lang='lat'>.</span> <span class='ocrx_word' id='word_1_131' title='bbox 539 863 623 894; x_wconf 89' lang='lat' dir='ltr'>noch</span> <span class='ocrx_word' id='word_1_132' title='bbox 642 873 698 894; x_wconf 82' lang='lat' dir='ltr'>aus</span> <span class='ocrx_word' id='word_1_133' title='bbox 718 861 903 903; x_wconf 82' lang='lat' dir='ltr'>Simplicius</span> <span class='ocrx_word' id='word_1_134' title='bbox 919 888 924 893; x_wconf 94' lang='lat'>.</span> <span class='ocrx_word' id='word_1_135' title='bbox 940 888 946 894; x_wconf 87' lang='lat'>.</span> <span class='ocrx_word' id='word_1_136' title='bbox 963 887 969 894; x_wconf 89' lang='lat'>.</span> <span class='ocrx_word' id='word_1_137' title='bbox 989 862 1194 905; x_wconf 88' lang='lat' dir='ltr'>geschlossen</span> <span class='ocrx_word' id='word_1_138' title='bbox 1213 862 1348 894; x_wconf 85' lang='lat' dir='ltr'>werden.</span> <span class='ocrx_word' id='word_1_139' title='bbox 1378 863 1456 895; x_wconf 91' lang='lat' dir='ltr'>Vier</span> 
     </span>
     <span class='ocr_line' id='line_1_16' title="bbox 147 915 1455 957; baseline 0.001 -10"><span class='ocrx_word' id='word_1_140' title='bbox 147 926 211 947; x_wconf 85' lang='lat' dir='ltr'>von</span> <span class='ocrx_word' id='word_1_141' title='bbox 231 915 339 947; x_wconf 87' lang='lat' dir='ltr'>diesen</span> <span class='ocrx_word' id='word_1_142' title='bbox 359 915 442 947; x_wconf 82' lang='grc' dir='ltr'><em>ἰδέαι</em></span> <span class='ocrx_word' id='word_1_143' title='bbox 463 915 538 947; x_wconf 88' lang='lat' dir='ltr'>oder</span> <span class='ocrx_word' id='word_1_144' title='bbox 557 915 666 947; x_wconf 86' lang='lat' dir='ltr'>laudes</span> <span class='ocrx_word' id='word_1_145' title='bbox 687 915 841 946; x_wconf 87' lang='lat' dir='ltr'>orationis</span> <span class='ocrx_word' id='word_1_146' title='bbox 860 915 974 947; x_wconf 87' lang='lat' dir='ltr'>hiessen</span> <span class='ocrx_word' id='word_1_147' title='bbox 995 915 1097 957; x_wconf 80' lang='grc' dir='ltr'><em>σαφές</em></span> <span class='ocrx_word' id='word_1_148' title='bbox 1121 915 1366 957; x_wconf 76' lang='grc' dir='ltr'><strong><em>μεγαλοπρεπές</em></strong></span> <span class='ocrx_word' id='word_1_149' title='bbox 1391 916 1455 957; x_wconf 79' lang='grc' dir='ltr'>ἡδύ</span> 
     </span>
     <span class='ocr_line' id='line_1_17' title="bbox 147 967 1455 1006; baseline 0.002 -7"><span class='ocrx_word' id='word_1_150' title='bbox 147 970 303 1000; x_wconf 84' lang='grc' dir='ltr'><em>πιθανόν.</em></span> <span class='ocrx_word' id='word_1_151' title='bbox 334 967 420 1000; x_wconf 84' lang='lat' dir='ltr'>Ganz</span> <span class='ocrx_word' id='word_1_152' title='bbox 434 968 572 999; x_wconf 86' lang='lat' dir='ltr'>verfehlt</span> <span class='ocrx_word' id='word_1_153' title='bbox 586 971 669 1000; x_wconf 70' lang='lat' dir='ltr'>ware</span> <span class='ocrx_word' id='word_1_154' title='bbox 684 979 717 999; x_wconf 93' lang='lat' dir='ltr'>es</span> <span class='ocrx_word' id='word_1_155' title='bbox 732 968 817 1000; x_wconf 88' lang='lat' dir='ltr'>diese</span> <span class='ocrx_word' id='word_1_156' title='bbox 837 968 922 1000; x_wconf 80' lang='grc' dir='ltr'><em>ἰδέαι</em></span> <span class='ocrx_word' id='word_1_157' title='bbox 942 968 1057 1006; x_wconf 79' lang='grc' dir='ltr'><em>λέξεως</em></span> <span class='ocrx_word' id='word_1_158' title='bbox 1072 968 1105 999; x_wconf 84' lang='grc'>111</span> <span class='ocrx_word' id='word_1_159' title='bbox 1120 968 1190 1000; x_wconf 89' lang='lat' dir='ltr'>eine</span> <span class='ocrx_word' id='word_1_160' title='bbox 1204 968 1297 1000; x_wconf 89' lang='lat' dir='ltr'>Linie</span> <span class='ocrx_word' id='word_1_161' title='bbox 1316 969 1376 1000; x_wconf 89' lang='lat' dir='ltr'>mit</span> <span class='ocrx_word' id='word_1_162' title='bbox 1395 969 1455 1001; x_wconf 89' lang='lat' dir='ltr'>den</span> 
     </span>
     <span class='ocr_line' id='line_1_18' title="bbox 146 1020 1456 1065; baseline 0.002 -13"><span class='ocrx_word' id='word_1_163' title='bbox 146 1021 229 1053; x_wconf 85' lang='lat' dir='ltr'>auch</span> <span class='ocrx_word' id='word_1_164' title='bbox 239 1021 310 1053; x_wconf 90' lang='lat' dir='ltr'>dem</span> <span class='ocrx_word' id='word_1_165' title='bbox 321 1021 511 1053; x_wconf 87' lang='lat' dir='ltr'>Aristoteles</span> <span class='ocrx_word' id='word_1_166' title='bbox 526 1021 626 1053; x_wconf 83' lang='lat' dir='ltr'>sehon</span> <span class='ocrx_word' id='word_1_167' title='bbox 635 1020 744 1063; x_wconf 84' lang='lat' dir='ltr'>(Rhet.</span> <span class='ocrx_word' id='word_1_168' title='bbox 755 1020 802 1053; x_wconf 91' lang='lat' dir='ltr'>III</span> <span class='ocrx_word' id='word_1_169' title='bbox 813 1022 843 1062; x_wconf 80' lang='lat'>2,</span> <span class='ocrx_word' id='word_1_170' title='bbox 854 1020 888 1063; x_wconf 85' lang='lat'>5)</span> <span class='ocrx_word' id='word_1_171' title='bbox 898 1021 1082 1053; x_wconf 89' lang='lat' dir='ltr'>bekannten</span> <span class='ocrx_word' id='word_1_172' title='bbox 1096 1022 1322 1065; x_wconf 84' lang='lat' dir='ltr'>notwendigen</span> <span class='ocrx_word' id='word_1_173' title='bbox 1334 1021 1456 1054; x_wconf 79' lang='lat' dir='ltr'>Grund-</span> 
     </span>
     <span class='ocr_line' id='line_1_19' title="bbox 147 1073 1455 1117; baseline 0 -11"><span class='ocrx_word' id='word_1_174' title='bbox 147 1075 386 1117; x_wconf 81' lang='lat' dir='ltr'>eigenschaften</span> <span class='ocrx_word' id='word_1_175' title='bbox 410 1075 501 1115; x_wconf 82' lang='lat' dir='ltr'>jeder</span> <span class='ocrx_word' id='word_1_176' title='bbox 519 1074 607 1106; x_wconf 91' lang='lat' dir='ltr'>Rede</span> <span class='ocrx_word' id='word_1_177' title='bbox 631 1086 670 1106; x_wconf 89' lang='lat' dir='ltr'>zu</span> <span class='ocrx_word' id='word_1_178' title='bbox 697 1075 830 1106; x_wconf 84' lang='lat' dir='ltr'>stellen“</span> <span class='ocrx_word' id='word_1_179' title='bbox 855 1073 889 1116; x_wconf 87' lang='lat' dir='ltr'>(l.</span> <span class='ocrx_word' id='word_1_180' title='bbox 907 1085 931 1106; x_wconf 86' lang='lat' dir='ltr'>c.</span> <span class='ocrx_word' id='word_1_181' title='bbox 950 1086 980 1116; x_wconf 91' lang='lat' dir='ltr'>p.</span> <span class='ocrx_word' id='word_1_182' title='bbox 998 1073 1085 1117; x_wconf 85' lang='lat'>145).</span> <span class='ocrx_word' id='word_1_183' title='bbox 1115 1074 1203 1111; x_wconf 85' lang='lat' dir='ltr'>Quae</span> <span class='ocrx_word' id='word_1_184' title='bbox 1228 1074 1360 1106; x_wconf 85' lang='lat' dir='ltr'>Schmid</span> <span class='ocrx_word' id='word_1_185' title='bbox 1383 1087 1455 1117; x_wconf 87' lang='lat' dir='ltr'>pro-</span> 
     </span>
     <span class='ocr_line' id='line_1_20' title="bbox 147 1127 1454 1170; baseline 0.002 -12"><span class='ocrx_word' id='word_1_186' title='bbox 147 1127 221 1158; x_wconf 84' lang='lat' dir='ltr'>bare</span> <span class='ocrx_word' id='word_1_187' title='bbox 240 1127 400 1169; x_wconf 82' lang='lat' dir='ltr'>studebat,</span> <span class='ocrx_word' id='word_1_188' title='bbox 419 1128 459 1159; x_wconf 89' lang='lat' dir='ltr'>iis</span> <span class='ocrx_word' id='word_1_189' title='bbox 478 1130 665 1168; x_wconf 84' lang='lat' dir='ltr'>nocuerunt,</span> <span class='ocrx_word' id='word_1_190' title='bbox 690 1138 772 1169; x_wconf 85' lang='lat' dir='ltr'>quae</span> <span class='ocrx_word' id='word_1_191' title='bbox 791 1128 859 1159; x_wconf 91' lang='lat' dir='ltr'>iure</span> <span class='ocrx_word' id='word_1_192' title='bbox 882 1128 1022 1170; x_wconf 83' lang='lat' dir='ltr'>negavit.</span> <span class='ocrx_word' id='word_1_193' title='bbox 1052 1127 1151 1159; x_wconf 87' lang='lat' dir='ltr'>Grato</span> <span class='ocrx_word' id='word_1_194' title='bbox 1176 1128 1323 1169; x_wconf 85' lang='lat' dir='ltr'>equidem</span> <span class='ocrx_word' id='word_1_195' title='bbox 1347 1128 1454 1160; x_wconf 86' lang='lat' dir='ltr'>animo</span> 
     </span>
     <span class='ocr_line' id='line_1_21' title="bbox 146 1180 1454 1222; baseline 0.001 -10"><span class='ocrx_word' id='word_1_196' title='bbox 146 1181 303 1222; x_wconf 89' lang='lat' dir='ltr'>profiteor</span> <span class='ocrx_word' id='word_1_197' title='bbox 321 1192 371 1212; x_wconf 85' lang='lat' dir='ltr'>me</span> <span class='ocrx_word' id='word_1_198' title='bbox 390 1181 474 1212; x_wconf 88' lang='lat' dir='ltr'>utin</span> <span class='ocrx_word' id='word_1_199' title='bbox 492 1181 586 1213; x_wconf 90' lang='lat' dir='ltr'>rebus</span> <span class='ocrx_word' id='word_1_200' title='bbox 606 1181 699 1212; x_wconf 87' lang='lat' dir='ltr'>aliter</span> <span class='ocrx_word' id='word_1_201' title='bbox 719 1181 836 1212; x_wconf 89' lang='lat' dir='ltr'>sentire</span> <span class='ocrx_word' id='word_1_202' title='bbox 855 1180 901 1212; x_wconf 87' lang='lat' dir='ltr'>ita</span> <span class='ocrx_word' id='word_1_203' title='bbox 917 1181 951 1212; x_wconf 91' lang='lat' dir='ltr'>in</span> <span class='ocrx_word' id='word_1_204' title='bbox 970 1181 1094 1212; x_wconf 86' lang='lat' dir='ltr'>ratione</span> <span class='ocrx_word' id='word_1_205' title='bbox 1114 1181 1297 1222; x_wconf 90' lang='lat' dir='ltr'>inquirendi</span> <span class='ocrx_word' id='word_1_206' title='bbox 1317 1181 1454 1213; x_wconf 90' lang='lat' dir='ltr'>multum</span> 
     </span>
     <span class='ocr_line' id='line_1_22' title="bbox 146 1233 1455 1285; baseline 0 -20"><span class='ocrx_word' id='word_1_207' title='bbox 146 1234 186 1266; x_wconf 87' lang='lat' dir='ltr'>ab</span> <span class='ocrx_word' id='word_1_208' title='bbox 207 1245 244 1266; x_wconf 94' lang='lat' dir='ltr'>eo</span> <span class='ocrx_word' id='word_1_209' title='bbox 263 1233 721 1285; x_wconf 47' lang='lat' dir='ltr'>didicissessLEfflethher</span> <span class='ocrx_word' id='word_1_210' title='bbox 740 1245 869 1275; x_wconf 90' lang='lat' dir='ltr'>operam</span> <span class='ocrx_word' id='word_1_211' title='bbox 896 1234 998 1275; x_wconf 86' lang='lat' dir='ltr'>dedit,</span> <span class='ocrx_word' id='word_1_212' title='bbox 1017 1237 1054 1265; x_wconf 87' lang='lat' dir='ltr'>ut</span> <span class='ocrx_word' id='word_1_213' title='bbox 1077 1234 1223 1275; x_wconf 88' lang='lat' dir='ltr'>repetitis</span> <span class='ocrx_word' id='word_1_214' title='bbox 1243 1234 1340 1266; x_wconf 88' lang='lat' dir='ltr'>Rabii</span> <span class='ocrx_word' id='word_1_215' title='bbox 1363 1246 1455 1277; x_wconf 86' lang='lat' dir='ltr'>argu-</span> 
     </span>
     <span class='ocr_line' id='line_1_23' title="bbox 146 1284 1509 1328; baseline 0 -9"><span class='ocrx_word' id='word_1_216' title='bbox 146 1288 262 1319; x_wconf 84' lang='lat' dir='ltr'>mentis</span> <span class='ocrx_word' id='word_1_217' title='bbox 277 1290 310 1319; x_wconf 90' lang='lat' dir='ltr'>et</span> <span class='ocrx_word' id='word_1_218' title='bbox 323 1288 415 1320; x_wconf 86' lang='lat' dir='ltr'>novis</span> <span class='ocrx_word' id='word_1_219' title='bbox 431 1287 621 1328; x_wconf 86' lang='lat' dir='ltr'>quibusdam</span> <span class='ocrx_word' id='word_1_220' title='bbox 637 1284 754 1319; x_wconf 68' lang='lat' dir='ltr'>additis</span> <span class='ocrx_word' id='word_1_221' title='bbox 769 1288 851 1319; x_wconf 84' lang='lat' dir='ltr'>falso</span> <span class='ocrx_word' id='word_1_222' title='bbox 868 1286 1068 1319; x_wconf 81' lang='lat' dir='ltr'>Schmidium</span> <span class='ocrx_word' id='word_1_223' title='bbox 1086 1287 1243 1319; x_wconf 87' lang='lat' dir='ltr'>iudicasse</span> <span class='ocrx_word' id='word_1_224' title='bbox 1258 1287 1455 1320; x_wconf 89' lang='lat' dir='ltr'>demonstra-</span> <span class='ocrx_word' id='word_1_225' title='bbox 1499 1311 1509 1316; x_wconf 88' lang='lat'>-</span> 
     </span>
     <span class='ocr_line' id='line_1_24' title="bbox 145 1339 1465 1384; baseline 0.001 -12"><span class='ocrx_word' id='word_1_226' title='bbox 145 1343 195 1373; x_wconf 89' lang='lat' dir='ltr'>ret</span> <span class='ocrx_word' id='word_1_227' title='bbox 213 1339 289 1384; x_wconf 85' lang='lat' dir='ltr'>(Rh.</span> <span class='ocrx_word' id='word_1_228' title='bbox 303 1341 385 1373; x_wconf 89' lang='lat' dir='ltr'>Mus.</span> <span class='ocrx_word' id='word_1_229' title='bbox 401 1341 452 1382; x_wconf 81' lang='lat'>54,</span> <span class='ocrx_word' id='word_1_230' title='bbox 468 1341 608 1382; x_wconf 81' lang='lat' dir='ltr'>374sqq.</span> <span class='ocrx_word' id='word_1_231' title='bbox 628 1341 804 1372; x_wconf 83' lang='lat' dir='ltr'>Excursus:</span> <span class='ocrx_word' id='word_1_232' title='bbox 824 1340 1027 1382; x_wconf 88' lang='lat' dir='ltr'>Theophrast</span> <span class='ocrx_word' id='word_1_233' title='bbox 1041 1340 1115 1382; x_wconf 77' lang='grc' dir='ltr'><strong><em>περὶ</em></strong></span> <span class='ocrx_word' id='word_1_234' title='bbox 1131 1340 1270 1383; x_wconf 80' lang='grc' dir='ltr'><strong>λέξεως).</strong></span> <span class='ocrx_word' id='word_1_235' title='bbox 1299 1341 1465 1374; x_wconf 66' lang='lat' dir='ltr'>Extrema,</span> 
     </span>
     <span class='ocr_line' id='line_1_25' title="bbox 145 1394 1454 1435; baseline 0 -10"><span class='ocrx_word' id='word_1_236' title='bbox 145 1397 252 1426; x_wconf 86' lang='lat' dir='ltr'>autem</span> <span class='ocrx_word' id='word_1_237' title='bbox 272 1394 488 1435; x_wconf 85' lang='lat' dir='ltr'>disputatione</span> <span class='ocrx_word' id='word_1_238' title='bbox 507 1394 569 1426; x_wconf 89' lang='lat' dir='ltr'>hoc</span> <span class='ocrx_word' id='word_1_239' title='bbox 587 1395 726 1425; x_wconf 87' lang='lat' dir='ltr'>monuit:</span> <span class='ocrx_word' id='word_1_240' title='bbox 754 1394 829 1435; x_wconf 85' lang='lat' dir='ltr'>„Ich</span> <span class='ocrx_word' id='word_1_241' title='bbox 853 1394 957 1426; x_wconf 89' lang='lat' dir='ltr'>meine</span> <span class='ocrx_word' id='word_1_242' title='bbox 983 1395 1064 1434; x_wconf 88' lang='lat' dir='ltr'>also,</span> <span class='ocrx_word' id='word_1_243' title='bbox 1091 1395 1150 1425; x_wconf 87' lang='lat' dir='ltr'>wir</span> <span class='ocrx_word' id='word_1_244' title='bbox 1175 1398 1305 1426; x_wconf 79' lang='lat' dir='ltr'>miissen</span> <span class='ocrx_word' id='word_1_245' title='bbox 1323 1406 1384 1426; x_wconf 91' lang='lat' dir='ltr'>uns</span> <span class='ocrx_word' id='word_1_246' title='bbox 1403 1395 1454 1426; x_wconf 86' lang='lat' dir='ltr'>bei</span> 
     </span>
     <span class='ocr_line' id='line_1_26' title="bbox 146 1447 1454 1489; baseline 0.001 -11"><span class='ocrx_word' id='word_1_247' title='bbox 146 1448 203 1479; x_wconf 87' lang='lat' dir='ltr'>der</span> <span class='ocrx_word' id='word_1_248' title='bbox 221 1447 378 1479; x_wconf 87' lang='lat' dir='ltr'>Tatsache</span> <span class='ocrx_word' id='word_1_249' title='bbox 403 1447 594 1489; x_wconf 87' lang='lat' dir='ltr'>beruhigen,</span> <span class='ocrx_word' id='word_1_250' title='bbox 618 1447 679 1478; x_wconf 82' lang='lat' dir='ltr'>dass</span> <span class='ocrx_word' id='word_1_251' title='bbox 698 1447 901 1488; x_wconf 87' lang='lat' dir='ltr'>Theophrast</span> <span class='ocrx_word' id='word_1_252' title='bbox 920 1447 976 1478; x_wconf 89' lang='lat' dir='ltr'>der</span> <span class='ocrx_word' id='word_1_253' title='bbox 999 1449 1082 1478; x_wconf 88' lang='lat' dir='ltr'>erste</span> <span class='ocrx_word' id='word_1_254' title='bbox 1102 1459 1183 1487; x_wconf 86' lang='lat' dir='ltr'>war,</span> <span class='ocrx_word' id='word_1_255' title='bbox 1213 1447 1269 1479; x_wconf 90' lang='lat' dir='ltr'>der</span> <span class='ocrx_word' id='word_1_256' title='bbox 1293 1448 1359 1479; x_wconf 89' lang='lat' dir='ltr'>drei</span> <span class='ocrx_word' id='word_1_257' title='bbox 1379 1447 1454 1479; x_wconf 84' lang='lat' dir='ltr'>Stil-</span> 
     </span>
     <span class='ocr_line' id='line_1_27' title="bbox 146 1499 1453 1543; baseline 0.001 -11"><span class='ocrx_word' id='word_1_258' title='bbox 146 1503 238 1532; x_wconf 88' lang='lat' dir='ltr'>arten</span> <span class='ocrx_word' id='word_1_259' title='bbox 256 1500 480 1532; x_wconf 86' lang='lat' dir='ltr'>unterschied“</span> <span class='ocrx_word' id='word_1_260' title='bbox 499 1499 543 1542; x_wconf 88' lang='lat' dir='ltr'>(p.</span> <span class='ocrx_word' id='word_1_261' title='bbox 559 1500 647 1543; x_wconf 83' lang='lat'>380).</span> <span class='ocrx_word' id='word_1_262' title='bbox 682 1499 745 1531; x_wconf 87' lang='lat' dir='ltr'>Sed</span> <span class='ocrx_word' id='word_1_263' title='bbox 763 1511 828 1532; x_wconf 91' lang='lat' dir='ltr'>non</span> <span class='ocrx_word' id='word_1_264' title='bbox 848 1500 1003 1532; x_wconf 88' lang='lat' dir='ltr'>deterruit</span> <span class='ocrx_word' id='word_1_265' title='bbox 1022 1500 1330 1542; x_wconf 68' lang='lat' dir='ltr'>Hendxioksonium,</span> <span class='ocrx_word' id='word_1_266' title='bbox 1349 1502 1453 1533; x_wconf 83' lang='lat' dir='ltr'>virum</span> 
     </span>
     <span class='ocr_line' id='line_1_28' title="bbox 147 1535 1453 1596; baseline 0.001 -11"><span class='ocrx_word' id='word_1_267' title='bbox 147 1553 382 1593; x_wconf 85' lang='lat' dir='ltr'>doctissimum,</span> <span class='ocrx_word' id='word_1_268' title='bbox 417 1553 495 1594; x_wconf 89' lang='lat' dir='ltr'>quin</span> <span class='ocrx_word' id='word_1_269' title='bbox 531 1553 634 1585; x_wconf 89' lang='lat' dir='ltr'>denuo</span> <span class='ocrx_word' id='word_1_270' title='bbox 671 1553 886 1595; x_wconf 86' lang='lat' dir='ltr'>Theophrasti</span> <span class='ocrx_word' id='word_1_271' title='bbox 920 1535 1453 1596; x_wconf 40' lang='lat' dir='ltr'>mmmm—{generibus</span> 
     </span>
     <span class='ocr_line' id='line_1_29' title="bbox 145 1606 1453 1649; baseline 0.001 -11"><span class='ocrx_word' id='word_1_272' title='bbox 145 1607 281 1638; x_wconf 83' lang='lat' dir='ltr'>liberare</span> <span class='ocrx_word' id='word_1_273' title='bbox 300 1606 451 1648; x_wconf 84' lang='lat' dir='ltr'>studeret,</span> <span class='ocrx_word' id='word_1_274' title='bbox 470 1617 543 1638; x_wconf 90' lang='lat' dir='ltr'>cum</span> <span class='ocrx_word' id='word_1_275' title='bbox 563 1606 851 1647; x_wconf 82' lang='lat' dir='ltr'>Peripateticorum</span> <span class='ocrx_word' id='word_1_276' title='bbox 869 1608 1031 1647; x_wconf 83' lang='grc' dir='ltr'><em>μεσότητα</em></span> <span class='ocrx_word' id='word_1_277' title='bbox 1050 1608 1249 1648; x_wconf 86' lang='lat' dir='ltr'>compararet</span> <span class='ocrx_word' id='word_1_278' title='bbox 1268 1618 1342 1639; x_wconf 86' lang='lat' dir='ltr'>cum</span> <span class='ocrx_word' id='word_1_279' title='bbox 1361 1618 1453 1649; x_wconf 84' lang='lat' dir='ltr'>gene-</span> 
     </span>
     <span class='ocr_line' id='line_1_30' title="bbox 145 1658 1442 1702; baseline 0 -10"><span class='ocrx_word' id='word_1_280' title='bbox 145 1671 216 1692; x_wconf 90' lang='lat' dir='ltr'>rum</span> <span class='ocrx_word' id='word_1_281' title='bbox 233 1660 356 1692; x_wconf 85' lang='lat' dir='ltr'>ratione</span> <span class='ocrx_word' id='word_1_282' title='bbox 374 1658 561 1702; x_wconf 87' lang='lat' dir='ltr'>(American</span> <span class='ocrx_word' id='word_1_283' title='bbox 575 1659 711 1691; x_wconf 86' lang='lat' dir='ltr'>Journal</span> <span class='ocrx_word' id='word_1_284' title='bbox 725 1660 761 1691; x_wconf 87' lang='lat' dir='ltr'>of</span> <span class='ocrx_word' id='word_1_285' title='bbox 772 1659 945 1702; x_wconf 84' lang='lat' dir='ltr'>Philology</span> <span class='ocrx_word' id='word_1_286' title='bbox 965 1659 1026 1692; x_wconf 87' lang='lat' dir='ltr'>vol.</span> <span class='ocrx_word' id='word_1_287' title='bbox 1035 1659 1128 1691; x_wconf 91' lang='lat' dir='ltr'>XXV</span> <span class='ocrx_word' id='word_1_288' title='bbox 1146 1660 1232 1691; x_wconf 88' lang='lat'>1904</span> <span class='ocrx_word' id='word_1_289' title='bbox 1246 1671 1276 1701; x_wconf 92' lang='lat' dir='ltr'>p.</span> <span class='ocrx_word' id='word_1_290' title='bbox 1290 1659 1442 1702; x_wconf 80' lang='lat' dir='ltr'>125sqq.)</span> 
     </span>
     <span class='ocr_line' id='line_1_31' title="bbox 144 1713 1453 1755; baseline 0.001 -10"><span class='ocrx_word' id='word_1_291' title='bbox 144 1713 252 1754; x_wconf 90' lang='lat' dir='ltr'>Atque</span> <span class='ocrx_word' id='word_1_292' title='bbox 271 1713 333 1744; x_wconf 88' lang='lat' dir='ltr'>tria</span> <span class='ocrx_word' id='word_1_293' title='bbox 356 1713 417 1744; x_wconf 91' lang='lat' dir='ltr'>sibi</span> <span class='ocrx_word' id='word_1_294' title='bbox 442 1713 521 1744; x_wconf 85' lang='lat' dir='ltr'>haec</span> <span class='ocrx_word' id='word_1_295' title='bbox 548 1713 653 1754; x_wconf 87' lang='lat' dir='ltr'>capita</span> <span class='ocrx_word' id='word_1_296' title='bbox 678 1714 861 1754; x_wconf 90' lang='lat' dir='ltr'>proposuit:</span> <span class='ocrx_word' id='word_1_297' title='bbox 888 1714 1038 1755; x_wconf 85' lang='lat' dir='ltr'>primum,</span> <span class='ocrx_word' id='word_1_298' title='bbox 1064 1715 1100 1744; x_wconf 90' lang='lat' dir='ltr'>ut</span> <span class='ocrx_word' id='word_1_299' title='bbox 1125 1713 1227 1754; x_wconf 89' lang='lat' dir='ltr'>ipsius</span> <span class='ocrx_word' id='word_1_300' title='bbox 1247 1713 1352 1745; x_wconf 88' lang='lat' dir='ltr'>verbis</span> <span class='ocrx_word' id='word_1_301' title='bbox 1371 1716 1453 1755; x_wconf 80' lang='lat' dir='ltr'>utar,</span> 
     </span>
     <span class='ocr_line' id='line_1_32' title="bbox 144 1766 1453 1809; baseline 0.001 -11"><span class='ocrx_word' id='word_1_302' title='bbox 144 1767 234 1809; x_wconf 88' lang='lat' dir='ltr'>„that</span> <span class='ocrx_word' id='word_1_303' title='bbox 257 1766 498 1807; x_wconf 86' lang='lat' dir='ltr'>Theophrastus</span> <span class='ocrx_word' id='word_1_304' title='bbox 525 1766 692 1808; x_wconf 84' lang='lat' dir='ltr'>following</span> <span class='ocrx_word' id='word_1_305' title='bbox 715 1766 770 1798; x_wconf 91' lang='lat' dir='ltr'>the</span> <span class='ocrx_word' id='word_1_306' title='bbox 796 1766 963 1808; x_wconf 82' lang='lat' dir='ltr'>teachings</span> <span class='ocrx_word' id='word_1_307' title='bbox 988 1767 1024 1798; x_wconf 90' lang='lat' dir='ltr'>of</span> <span class='ocrx_word' id='word_1_308' title='bbox 1046 1767 1097 1798; x_wconf 85' lang='lat' dir='ltr'>his</span> <span class='ocrx_word' id='word_1_309' title='bbox 1123 1768 1242 1798; x_wconf 86' lang='lat' dir='ltr'>master</span> <span class='ocrx_word' id='word_1_310' title='bbox 1267 1766 1453 1809; x_wconf 83' lang='lat' dir='ltr'>designated</span> 
     </span>
     <span class='ocr_line' id='line_1_33' title="bbox 145 1818 1452 1863; baseline 0.001 -12"><span class='ocrx_word' id='word_1_311' title='bbox 145 1820 324 1852; x_wconf 86' lang='lat' dir='ltr'>excellence</span> <span class='ocrx_word' id='word_1_312' title='bbox 340 1820 377 1851; x_wconf 88' lang='lat' dir='ltr'>of</span> <span class='ocrx_word' id='word_1_313' title='bbox 393 1819 475 1860; x_wconf 87' lang='lat' dir='ltr'>style</span> <span class='ocrx_word' id='word_1_314' title='bbox 495 1830 529 1851; x_wconf 89' lang='lat' dir='ltr'>as</span> <span class='ocrx_word' id='word_1_315' title='bbox 545 1831 563 1851; x_wconf 84' lang='lat' dir='ltr'>a</span> <span class='ocrx_word' id='word_1_316' title='bbox 577 1831 670 1851; x_wconf 87' lang='lat' dir='ltr'>mean</span> <span class='ocrx_word' id='word_1_317' title='bbox 685 1818 853 1863; x_wconf 82' lang='grc' dir='ltr'>(μεσότης)</span> <span class='ocrx_word' id='word_1_318' title='bbox 869 1819 931 1851; x_wconf 85' lang='lat' dir='ltr'>and</span> <span class='ocrx_word' id='word_1_319' title='bbox 945 1819 1061 1851; x_wconf 84' lang='lat' dir='ltr'>named</span> <span class='ocrx_word' id='word_1_320' title='bbox 1074 1819 1333 1860; x_wconf 83' lang='lat' dir='ltr'>Thrasymachus</span> <span class='ocrx_word' id='word_1_321' title='bbox 1348 1831 1381 1851; x_wconf 85' lang='lat' dir='ltr'>as</span> <span class='ocrx_word' id='word_1_322' title='bbox 1396 1820 1452 1852; x_wconf 89' lang='lat' dir='ltr'>the</span> 
     </span>
     <span class='ocr_line' id='line_1_34' title="bbox 144 1872 1451 1914; baseline 0.001 -10"><span class='ocrx_word' id='word_1_323' title='bbox 144 1874 216 1904; x_wconf 87' lang='lat' dir='ltr'>first</span> <span class='ocrx_word' id='word_1_324' title='bbox 235 1883 294 1904; x_wconf 91' lang='lat' dir='ltr'>one</span> <span class='ocrx_word' id='word_1_325' title='bbox 318 1875 352 1904; x_wconf 91' lang='lat' dir='ltr'>to</span> <span class='ocrx_word' id='word_1_326' title='bbox 376 1874 478 1904; x_wconf 86' lang='lat' dir='ltr'>attain</span> <span class='ocrx_word' id='word_1_327' title='bbox 499 1873 552 1904; x_wconf 86' lang='lat' dir='ltr'>it.“</span> <span class='ocrx_word' id='word_1_328' title='bbox 581 1873 716 1904; x_wconf 87' lang='lat' dir='ltr'>alterum</span> <span class='ocrx_word' id='word_1_329' title='bbox 735 1873 825 1914; x_wconf 87' lang='lat' dir='ltr'>„that</span> <span class='ocrx_word' id='word_1_330' title='bbox 844 1873 1019 1914; x_wconf 88' lang='lat' dir='ltr'>Dionysius</span> <span class='ocrx_word' id='word_1_331' title='bbox 1038 1873 1118 1904; x_wconf 85' lang='lat' dir='ltr'>with</span> <span class='ocrx_word' id='word_1_332' title='bbox 1137 1872 1321 1914; x_wconf 83' lang='lat' dir='ltr'>superficial</span> <span class='ocrx_word' id='word_1_333' title='bbox 1340 1884 1451 1914; x_wconf 85' lang='lat' dir='ltr'>appre-</span> 
     </span>
     <span class='ocr_line' id='line_1_35' title="bbox 145 1926 1450 1968; baseline -0.001 -10"><span class='ocrx_word' id='word_1_334' title='bbox 145 1926 280 1958; x_wconf 82' lang='lat' dir='ltr'>hension</span> <span class='ocrx_word' id='word_1_335' title='bbox 299 1926 336 1958; x_wconf 89' lang='lat' dir='ltr'>of</span> <span class='ocrx_word' id='word_1_336' title='bbox 358 1926 424 1957; x_wconf 90' lang='lat' dir='ltr'>this</span> <span class='ocrx_word' id='word_1_337' title='bbox 451 1926 642 1968; x_wconf 82' lang='lat' dir='ltr'>conception</span> <span class='ocrx_word' id='word_1_338' title='bbox 661 1926 718 1958; x_wconf 88' lang='lat' dir='ltr'>has</span> <span class='ocrx_word' id='word_1_339' title='bbox 744 1926 872 1967; x_wconf 90' lang='lat' dir='ltr'>applied</span> <span class='ocrx_word' id='word_1_340' title='bbox 892 1926 918 1958; x_wconf 90' lang='lat' dir='ltr'>it</span> <span class='ocrx_word' id='word_1_341' title='bbox 942 1928 975 1957; x_wconf 90' lang='lat' dir='ltr'>to</span> <span class='ocrx_word' id='word_1_342' title='bbox 1000 1926 1054 1957; x_wconf 87' lang='lat' dir='ltr'>the</span> <span class='ocrx_word' id='word_1_343' title='bbox 1081 1926 1238 1967; x_wconf 88' lang='lat' dir='ltr'>doctrine,</span> <span class='ocrx_word' id='word_1_344' title='bbox 1264 1928 1392 1957; x_wconf 89' lang='lat' dir='ltr'>current</span> <span class='ocrx_word' id='word_1_345' title='bbox 1418 1926 1450 1958; x_wconf 91' lang='lat' dir='ltr'>in</span> 
     </span>
     <span class='ocr_line' id='line_1_36' title="bbox 145 1978 1450 2022; baseline 0 -12"><span class='ocrx_word' id='word_1_346' title='bbox 145 1979 210 2011; x_wconf 89' lang='lat' dir='ltr'>this</span> <span class='ocrx_word' id='word_1_347' title='bbox 233 1979 324 2020; x_wconf 86' lang='lat' dir='ltr'>time,</span> <span class='ocrx_word' id='word_1_348' title='bbox 348 1979 384 2010; x_wconf 88' lang='lat' dir='ltr'>of</span> <span class='ocrx_word' id='word_1_349' title='bbox 399 1979 454 2011; x_wconf 91' lang='lat' dir='ltr'>the</span> <span class='ocrx_word' id='word_1_350' title='bbox 477 1980 568 2011; x_wconf 89' lang='lat' dir='ltr'>three</span> <span class='ocrx_word' id='word_1_351' title='bbox 592 1980 772 2012; x_wconf 86' lang='lat' dir='ltr'>characters</span> <span class='ocrx_word' id='word_1_352' title='bbox 792 1980 829 2011; x_wconf 85' lang='lat' dir='ltr'>of</span> <span class='ocrx_word' id='word_1_353' title='bbox 845 1980 941 2021; x_wconf 83' lang='lat' dir='ltr'>style,</span> <span class='ocrx_word' id='word_1_354' title='bbox 965 1979 1160 2022; x_wconf 88' lang='lat' dir='ltr'>identifying</span> <span class='ocrx_word' id='word_1_355' title='bbox 1183 1979 1238 2010; x_wconf 90' lang='lat' dir='ltr'>the</span> <span class='ocrx_word' id='word_1_356' title='bbox 1257 1978 1450 2020; x_wconf 73' lang='lat' dir='ltr'>Peripateti(-</span> 
     </span>
     <span class='ocr_line' id='line_1_37' title="bbox 146 2032 1450 2074; baseline 0 -11"><span class='ocrx_word' id='word_1_357' title='bbox 146 2043 237 2064; x_wconf 85' lang='lat' dir='ltr'>mean</span> <span class='ocrx_word' id='word_1_358' title='bbox 251 2032 330 2064; x_wconf 84' lang='lat' dir='ltr'>with</span> <span class='ocrx_word' id='word_1_359' title='bbox 345 2032 400 2064; x_wconf 89' lang='lat' dir='ltr'>the</span> <span class='ocrx_word' id='word_1_360' title='bbox 414 2043 450 2064; x_wconf 88' lang='lat' dir='ltr'>so</span> <span class='ocrx_word' id='word_1_361' title='bbox 466 2033 567 2065; x_wconf 85' lang='lat' dir='ltr'>called</span> <span class='ocrx_word' id='word_1_362' title='bbox 585 2033 704 2065; x_wconf 88' lang='lat' dir='ltr'>middle</span> <span class='ocrx_word' id='word_1_363' title='bbox 722 2032 832 2074; x_wconf 89' lang='lat' dir='ltr'>style“,</span> <span class='ocrx_word' id='word_1_364' title='bbox 849 2034 980 2065; x_wconf 88' lang='lat' dir='ltr'>tertium</span> <span class='ocrx_word' id='word_1_365' title='bbox 995 2033 1085 2074; x_wconf 86' lang='lat' dir='ltr'>„that</span> <span class='ocrx_word' id='word_1_366' title='bbox 1105 2032 1265 2064; x_wconf 87' lang='lat' dir='ltr'>therefore</span> <span class='ocrx_word' id='word_1_367' title='bbox 1280 2033 1364 2063; x_wconf 87' lang='lat' dir='ltr'>from</span> <span class='ocrx_word' id='word_1_368' title='bbox 1384 2032 1450 2063; x_wconf 88' lang='lat' dir='ltr'>this</span> 
     </span>
    </p>
   </div>
   <div class='ocr_carea' id='block_1_4' title="bbox 171 2105 355 2107">
    <p class='ocr_par' dir='ltr' id='par_1_5' title="bbox 171 2105 355 2107">
     <span class='ocr_line' id='line_1_38' title="bbox 171 2105 355 2107; baseline 0 0"><span class='ocrx_word' id='word_1_369' title='bbox 171 2105 355 2107; x_wconf 95' lang='lat' dir='ltr'> </span> 
     </span>
    </p>
   </div>
   <div class='ocr_carea' id='block_1_5' title="bbox 144 2145 1449 2339">
    <p class='ocr_par' dir='ltr' id='par_1_6' title="bbox 145 2145 1449 2260">
     <span class='ocr_line' id='line_1_39' title="bbox 236 2145 1447 2180; baseline 0.001 -9"><span class='ocrx_word' id='word_1_370' title='bbox 236 2147 261 2179; x_wconf 87' lang='lat'>1)</span> <span class='ocrx_word' id='word_1_371' title='bbox 280 2145 320 2172; x_wconf 84' lang='lat' dir='ltr'>Cf.</span> <span class='ocrx_word' id='word_1_372' title='bbox 339 2146 425 2172; x_wconf 85' lang='lat' dir='ltr'>etiam</span> <span class='ocrx_word' id='word_1_373' title='bbox 447 2146 463 2172; x_wconf 93' lang='lat' dir='ltr'>J</span> <span class='ocrx_word' id='word_1_374' title='bbox 469 2146 543 2174; x_wconf 88' lang='lat' dir='ltr'>ebb:</span> <span class='ocrx_word' id='word_1_375' title='bbox 572 2147 648 2173; x_wconf 82' lang='lat' dir='ltr'>Attio</span> <span class='ocrx_word' id='word_1_376' title='bbox 672 2147 786 2173; x_wconf 77' lang='lat' dir='ltr'>Oratore</span> <span class='ocrx_word' id='word_1_377' title='bbox 805 2147 838 2179; x_wconf 83' lang='lat'>11,</span> <span class='ocrx_word' id='word_1_378' title='bbox 866 2156 892 2180; x_wconf 87' lang='lat' dir='ltr'>p.</span> <span class='ocrx_word' id='word_1_379' title='bbox 909 2150 967 2173; x_wconf 78' lang='lat'>397.</span> <span class='ocrx_word' id='word_1_380' title='bbox 998 2147 1141 2180; x_wconf 84' lang='lat' dir='ltr'>Sandys:</span> <span class='ocrx_word' id='word_1_381' title='bbox 1171 2145 1311 2173; x_wconf 86' lang='lat' dir='ltr'>Ciceronis</span> <span class='ocrx_word' id='word_1_382' title='bbox 1341 2145 1447 2178; x_wconf 76' lang='lat' dir='ltr'>orator.</span> 
     </span>
     <span class='ocr_line' id='line_1_40' title="bbox 145 2185 1449 2220; baseline 0 -9"><span class='ocrx_word' id='word_1_383' title='bbox 145 2185 313 2220; x_wconf 84' lang='lat' dir='ltr'>Cambridge</span> <span class='ocrx_word' id='word_1_384' title='bbox 334 2188 401 2211; x_wconf 85' lang='lat'>1885</span> <span class='ocrx_word' id='word_1_385' title='bbox 429 2195 456 2220; x_wconf 90' lang='lat' dir='ltr'>p.</span> <span class='ocrx_word' id='word_1_386' title='bbox 471 2186 551 2213; x_wconf 87' lang='lat' dir='ltr'>LXX.</span> <span class='ocrx_word' id='word_1_387' title='bbox 581 2186 707 2213; x_wconf 85' lang='lat' dir='ltr'>Gaetano</span> <span class='ocrx_word' id='word_1_388' title='bbox 736 2186 868 2213; x_wconf 84' lang='lat' dir='ltr'>Curcio:</span> <span class='ocrx_word' id='word_1_389' title='bbox 898 2187 936 2213; x_wconf 89' lang='lat' dir='ltr'>Le</span> <span class='ocrx_word' id='word_1_390' title='bbox 965 2194 1048 2220; x_wconf 90' lang='lat' dir='ltr'>opere</span> <span class='ocrx_word' id='word_1_391' title='bbox 1076 2186 1214 2213; x_wconf 84' lang='lat' dir='ltr'>retoriche</span> <span class='ocrx_word' id='word_1_392' title='bbox 1242 2186 1271 2211; x_wconf 86' lang='lat' dir='ltr'>di</span> <span class='ocrx_word' id='word_1_393' title='bbox 1300 2185 1336 2212; x_wconf 85' lang='lat' dir='ltr'>M.</span> <span class='ocrx_word' id='word_1_394' title='bbox 1357 2185 1449 2212; x_wconf 81' lang='lat' dir='ltr'>Tulh‘o</span> 
     </span>
     <span class='ocr_line' id='line_1_41' title="bbox 145 2225 623 2260; baseline -0.002 -7"><span class='ocrx_word' id='word_1_395' title='bbox 145 2226 285 2258; x_wconf 87' lang='lat' dir='ltr'>Cicerone,</span> <span class='ocrx_word' id='word_1_396' title='bbox 304 2225 431 2251; x_wconf 84' lang='lat' dir='ltr'>Acireale</span> <span class='ocrx_word' id='word_1_397' title='bbox 451 2229 519 2252; x_wconf 82' lang='lat'>1900</span> <span class='ocrx_word' id='word_1_398' title='bbox 538 2235 564 2260; x_wconf 90' lang='lat' dir='ltr'>p.</span> <span class='ocrx_word' id='word_1_399' title='bbox 581 2229 623 2253; x_wconf 80' lang='lat'>24.</span> 
     </span>
    </p>

    <p class='ocr_par' dir='ltr' id='par_1_7' title="bbox 144 2264 1449 2339">
     <span class='ocr_line' id='line_1_42' title="bbox 234 2264 1449 2299; baseline 0 -9"><span class='ocrx_word' id='word_1_400' title='bbox 234 2267 261 2299; x_wconf 81' lang='lat'>2)</span> <span class='ocrx_word' id='word_1_401' title='bbox 279 2265 310 2291; x_wconf 92' lang='lat' dir='ltr'>In</span> <span class='ocrx_word' id='word_1_402' title='bbox 330 2264 444 2291; x_wconf 81' lang='lat' dir='ltr'>Christii</span> <span class='ocrx_word' id='word_1_403' title='bbox 471 2266 568 2293; x_wconf 86' lang='lat' dir='ltr'>histor.</span> <span class='ocrx_word' id='word_1_404' title='bbox 592 2266 647 2292; x_wconf 91' lang='lat' dir='ltr'>litt.</span> <span class='ocrx_word' id='word_1_405' title='bbox 668 2266 764 2293; x_wconf 80' lang='lat' dir='ltr'>Graec.</span> <span class='ocrx_word' id='word_1_406' title='bbox 789 2274 860 2292; x_wconf 86' lang='lat' dir='ltr'>nova</span> <span class='ocrx_word' id='word_1_407' title='bbox 884 2266 1007 2292; x_wconf 87' lang='lat' dir='ltr'>editione</span> <span class='ocrx_word' id='word_1_408' title='bbox 1036 2275 1119 2299; x_wconf 88' lang='lat' dir='ltr'>quam</span> <span class='ocrx_word' id='word_1_409' title='bbox 1148 2265 1263 2298; x_wconf 84' lang='lat' dir='ltr'>curavit,</span> <span class='ocrx_word' id='word_1_410' title='bbox 1291 2264 1449 2291; x_wconf 87' lang='lat' dir='ltr'>Schmidius</span> 
     </span>
     <span class='ocr_line' id='line_1_43' title="bbox 144 2305 1328 2339; baseline -0.001 -8"><span class='ocrx_word' id='word_1_411' title='bbox 144 2305 173 2331; x_wconf 90' lang='lat' dir='ltr'>in</span> <span class='ocrx_word' id='word_1_412' title='bbox 194 2305 291 2331; x_wconf 86' lang='lat' dir='ltr'>eadem</span> <span class='ocrx_word' id='word_1_413' title='bbox 310 2305 367 2331; x_wconf 84' lang='lat' dir='ltr'>fere</span> <span class='ocrx_word' id='word_1_414' title='bbox 387 2305 526 2332; x_wconf 80' lang='lat' dir='ltr'>sententia</span> <span class='ocrx_word' id='word_1_415' title='bbox 546 2313 575 2332; x_wconf 88' lang='lat' dir='ltr'>se</span> <span class='ocrx_word' id='word_1_416' title='bbox 594 2306 718 2332; x_wconf 87' lang='lat' dir='ltr'>ostendit</span> <span class='ocrx_word' id='word_1_417' title='bbox 736 2314 933 2339; x_wconf 84' lang='lat' dir='ltr'>perseverasse.</span> <span class='ocrx_word' id='word_1_418' title='bbox 963 2306 997 2332; x_wconf 82' lang='lat' dir='ltr'>cf.</span> <span class='ocrx_word' id='word_1_419' title='bbox 1018 2305 1070 2331; x_wconf 88' lang='lat' dir='ltr'>vol.</span> <span class='ocrx_word' id='word_1_420' title='bbox 1085 2305 1110 2331; x_wconf 93' lang='lat' dir='ltr'>II</span> <span class='ocrx_word' id='word_1_421' title='bbox 1129 2308 1162 2331; x_wconf 79' lang='lat'>49</span> <span class='ocrx_word' id='word_1_422' title='bbox 1182 2306 1284 2331; x_wconf 84' lang='lat' dir='ltr'>Annot.</span> <span class='ocrx_word' id='word_1_423' title='bbox 1303 2307 1328 2331; x_wconf 84' lang='lat'>5.</span> 
     </span>
    </p>
   </div>
  </div>
 </body>
</html>
