1566 2592
175 126 215 157 14
759 126 850 160 Caput
868 126 901 153 11.

172 207 348 248 revocavit,
374 218 414 238 ne
434 206 484 239 bis
508 207 607 239 isdem
634 207 672 239 de
696 207 792 240 rebus
815 207 966 251 ageret.¹)
999 207 1062 240 Sed
1082 211 1246 250 praeterea
1265 211 1370 242 totum
1390 211 1488 252 caput

172 260 324 292 rhetorici
339 260 416 292 libri
431 261 611 303 praeceptis
627 259 828 302 ἑλληνισμοῦ
848 261 996 303 implevit
1013 261 1120 304 (Rhet.
1135 261 1184 294 ΙΙΙ
1198 261 1243 306 5).
1273 262 1374 295 Stoici
1389 273 1489 306 quan-

173 316 239 345 tam
259 315 293 345 in
311 314 511 355 explicandis
530 314 723 347 elocutionis
742 315 890 356 partibus
909 317 942 347 et
960 316 994 347 in
1008 315 1143 358 reliquis
1157 316 1253 348 rebus
1268 315 1488 359 grammaticis

173 378 303 408 operam
327 368 598 409 consumpserint,
622 368 685 400 iam
710 368 788 400 satis
813 371 947 401 constat.
978 369 1087 411 Atque
1105 369 1282 412 Dionysius
1302 370 1489 403 Halicarna-

174 421 290 462 sensis,
313 431 388 453 cum
407 421 509 453 nollet
528 433 567 453 ex
586 422 684 454 variis
704 422 742 453 de
761 421 941 454 litterarum
961 434 1094 455 numero
1114 424 1282 456 sententiis
1300 435 1398 456 unam
1421 423 1490 456 suis

173 474 355 506 rationibus
377 474 529 516 probare,
553 475 710 507 eiusmodi
730 475 966 517 disputationes
985 477 1218 519 grammaticae,
1241 488 1364 510 necnon
1385 477 1490 519 philo·

174 527 285 569 sophis
296 528 544 560 commendavit:
555 527 601 560 ‘H
606 528 668 569 μὲν
682 527 745 561 οὖν
759 529 842 569 ὑπὲρ
858 530 987 561 τούτων
1001 531 1128 571 θεωρία
1143 535 1370 573 γραμματικῆς
1383 543 1418 563 τε
1431 529 1488 563 καὶ

172 585 336 623 μετρικῆς,
357 582 388 613 εἰ
406 581 443 613 δὲ
462 582 618 623 βούλεταί
635 594 694 622 τις,
714 581 768 614 καὶ
788 585 989 624 φιλοσοφίας
1009 583 1191 626 οἰκειοτέρα
1210 583 1263 627 (de
1281 594 1385 626 comp.
1399 583 1487 616 verb.

175 645 199 666 c.
213 634 254 666 14
268 646 299 676 p.
312 634 411 677 74R).
430 634 519 667 Idem
530 635 586 667 ubi
598 636 635 667 de
650 636 798 677 partibus
813 636 1003 668 elocutionis
1014 636 1127 679 (μόρια
1142 638 1210 670 sive
1220 637 1303 680 μέρη
1318 638 1386 671 sive
1400 647 1489 671 στοι-

175 693 245 730 χεῖα
264 687 394 731 λέξεως)
414 688 519 720 varias
539 690 713 721 sententias
728 689 871 721 ordinem
887 692 1070 731 temporum
1085 692 1215 722 secutus
1229 691 1348 733 attulit,
1366 692 1489 734 primos

174 741 342 773 advocavit
366 742 574 774 Aristotelem
599 745 695 784 atque
719 742 934 775 Theodectem
959 743 1014 775 καὶ
1037 745 1116 782 τοὺς
1138 743 1208 776 κατ’
1236 744 1384 784 ἐκείνους
1410 746 1490 784 τοὺς

174 796 317 836 χρόνους
336 797 645 837 φιλοσοφήσαντας,
670 807 734 837 quo
754 797 788 828 in
807 808 941 828 numero
961 797 1030 828 iure
1050 797 1213 830 ducendus
1233 800 1281 830 est
1305 798 1490 841 Theophra-

176 851 258 890 stus,
280 848 393 880 deinde
412 850 491 887 τοὺς
509 854 566 890 τῆς
586 851 737 891 Στωϊκῆς
756 850 912 891 αἱρέσεως
931 850 1095 892 ἡγεμόνας
1114 854 1145 883 et
1164 853 1244 890 τοὺς
1261 851 1491 894 μεταγενεστέ-

175 913 255 942 ρους
271 900 324 944 (de
339 912 442 943 comp.
458 903 541 934 verb.
558 914 582 934 c.
594 903 614 934 2
628 915 659 945 p.
675 902 753 946 SR).
782 903 1024 945 Theophrastus
1039 904 1140 947 igitur
1154 916 1194 937 ex
1208 916 1284 937 suae
1299 905 1413 938 aetatis
1424 916 1491 938 mo-

175 955 265 987 ribus
289 966 354 987 non
378 955 532 997 habebat,
556 967 613 988 cur
636 968 687 988 res
714 957 956 999 grammaticas,
980 969 1062 999 quae
1082 957 1244 991 Ciceronis
1264 958 1379 991 Crasso
1402 969 1492 1002 prae-

174 1009 346 1040 tercundae
375 1011 480 1051 crant,
504 1010 677 1042 omitteret.
714 1010 819 1042 Immo
848 1021 923 1042 vero
947 1011 1135 1053 philosophi
1160 1014 1228 1044 erat
1252 1013 1285 1044 in
1315 1012 1367 1044 his
1395 1012 1492 1045 rebus

176 1064 323 1094 accurate
342 1064 471 1094 versari.
500 1063 620 1106 Pauca,
644 1075 725 1105 quae
745 1064 804 1096 sub
824 1064 886 1096 hoc
906 1065 1011 1107 capite
1030 1065 1060 1096 ei
1078 1065 1246 1098 tractanda
1266 1068 1370 1107 erant,
1393 1065 1492 1098 etiam

177 1115 289 1148 Cicero
308 1117 500 1158 perstrinxit
507 1115 542 1159 ²),
562 1128 634 1149 cum
654 1117 892 1150 adhortaretur:
911 1117 1057 1161 „(vcrba)
1072 1119 1118 1150 sic
1132 1121 1165 1150 et
1179 1119 1306 1151 casibus
1321 1121 1353 1151 et
1371 1121 1494 1161 tempo·

176 1170 266 1201 ribus
286 1171 319 1201 et
337 1181 453 1212 genere
468 1172 500 1201 ct
518 1181 653 1202 numero
673 1182 907 1212 conservemu8‚
926 1174 963 1203 ut
977 1183 1017 1204 ne
1037 1172 1113 1213 quid
1133 1173 1359 1214 perturbatum
1373 1183 1411 1205 ac
1430 1171 1493 1204 dis·

177 1234 310 1265 crepans
330 1226 386 1255 aut
405 1225 646 1266 praeposterum
662 1224 723 1256 sit“
738 1224 800 1267 (ΙΙΙ
814 1224 881 1267 40).
910 1224 1019 1267 Atque
1038 1225 1118 1257 haec
1137 1226 1266 1268 quidem
1281 1226 1322 1258 ad
1335 1236 1493 1269 gramma-

176 1277 257 1309 ticas
276 1277 449 1309 verborum
468 1277 589 1309 formas
608 1278 757 1319 pertinet,
776 1278 856 1310 illud
871 1279 1009 1310 fortasse
1027 1279 1158 1322 gravius
1177 1282 1236 1321 est,
1254 1279 1340 1321 quod
1357 1278 1493 1316 addidit:

175 1329 259 1371 „Sed
287 1331 384 1362 etiam
413 1330 525 1373 lingua
553 1333 586 1362 et
614 1331 747 1373 spiritus
777 1334 809 1364 et
836 1333 926 1364 vocis
954 1343 1052 1364 sonus
1081 1335 1131 1365 est
1158 1333 1228 1375 ipse
1261 1332 1494 1366 moderandus“

178 1383 242 1427 (ΙΙΙ
255 1383 324 1426 40),
345 1395 416 1416 cum
437 1384 474 1425 is,
494 1385 550 1425 qui
568 1387 643 1426 post
662 1385 877 1418 elocutionem
897 1386 930 1417 in
950 1386 1063 1418 eodem
1081 1386 1166 1418 libro
1186 1387 1283 1419 etiam
1298 1387 1337 1419 de
1352 1397 1494 1429 pronun·

177 1437 312 1469 tiatione
332 1437 476 1470 dicturus
493 1440 551 1479 est,
570 1438 649 1470 haec
664 1439 772 1470 omnia
786 1441 958 1481 praecepta
973 1440 1006 1471 in
1021 1451 1059 1472 ea
1072 1442 1163 1482 parte
1178 1442 1337 1473 collocare
1355 1440 1493 1472 deberet.

177 1490 292 1532 Neque
303 1491 436 1523 Crassus
446 1492 551 1524 facere
565 1494 682 1533 potest,
697 1493 776 1534 quin
790 1493 874 1525 hanc
889 1493 926 1525 de
941 1503 1019 1525 voce
1034 1493 1288 1535 disputationem
1303 1494 1343 1526 ab
1357 1493 1496 1526 actionis

179 1547 269 1586 parte
293 1545 421 1577 disertis
445 1545 551 1577 verbis
576 1546 732 1588 seiungat.
770 1546 1010 1588 Theophrasto,
1037 1548 1093 1589 qui
1116 1546 1192 1589 περὶ
1216 1547 1333 1586 λέξεως
1356 1547 1496 1590 scripsit,

179 1600 263 1629 certe
283 1598 453 1630 dicendum
474 1601 542 1630 erat
561 1599 600 1631 de
618 1611 700 1641 pura
719 1601 751 1631 et
770 1600 893 1632 urbana
911 1601 1190 1643 pronuntiatione,
1214 1612 1278 1643 qua
1301 1601 1387 1634 cives
1406 1611 1495 1644 pere-

179 1651 281 1694 grinis
295 1651 533 1695 praestarent.³)
561 1653 660 1685 Plura
673 1655 781 1685 autem
797 1656 967 1696 praecepta
982 1654 1111 1697 singula
1125 1654 1240 1696 capitis
1254 1653 1329 1697 περὶ
1349 1654 1496 1696 ἑλληνισ-

178 1710 243 1746 μοῦ
267 1705 502 1747 Theophrastei
522 1706 707 1748 Simplicius
732 1707 816 1739 infra
840 1707 1073 1750 suppeditabit,
1096 1707 1234 1740 Romani
1258 1708 1416 1749 rhetores,
1438 1707 1495 1750 qui

180 1758 295 1797 λέξεως
313 1760 574 1801 praeceptionem
594 1760 744 1793 laudibus
764 1761 890 1793 dicendi
910 1761 1125 1804 subiecerunt,
1142 1762 1280 1803 primam
1296 1761 1496 1804 praetermit-

179 1814 263 1853 tunt,
282 1815 319 1844 ut
338 1812 448 1844 Cicero
468 1813 552 1845 fecit.
581 1814 705 1846 Auctor
724 1814 764 1846 ad
783 1814 982 1846 Herennium
1003 1815 1042 1847 de
1060 1816 1165 1856 prima
1185 1815 1280 1847 laude
1303 1815 1394 1847 dicit:
1416 1814 1493 1856 „La-

179 1865 292 1897 tinitas
317 1868 378 1907 est,
402 1877 484 1908 quae
507 1877 685 1899 sermonem
710 1878 827 1909 purum
852 1870 1032 1909 conservat,
1056 1868 1096 1899 ab
1117 1869 1205 1900 omni
1224 1868 1304 1900 vitio
1324 1870 1493 1901 remotum.

134 1910 135 1914 ¹
180 1917 271 1950 Vitia
285 1919 316 1950 in
334 1930 488 1961 sermone,
506 1921 678 1961 quominus
694 1921 721 1952 is
737 1920 871 1953 Latinus
887 1921 937 1962 sit,
957 1921 1020 1952 duo
1034 1924 1172 1963 possunt
1187 1933 1265 1963 esse,
1283 1921 1494 1955 soloecismus

180 1974 212 2003 et
231 1971 450 2004 barbarismus
470 1998 477 2005 .
497 1998 504 2005 .
523 1998 531 2005 .
551 1973 639 2006 Haec
659 1985 722 2016 qua
740 1974 864 2006 ratione
884 1975 986 2006 vitare
1004 1975 1180 2016 possimus,
1201 1975 1235 2007 in
1253 1978 1320 2008 aare
1335 1986 1494 2016 yramma-

272 2061 297 2093 1)
317 2060 398 2087 Rhet.
413 2060 451 2087 ΙΠ
472 2061 610 2088 1404b27
638 2066 693 2088 τῶν
719 2060 747 2088 δ’
770 2061 915 2096 ὀνομάτων
940 2061 1051 2089 τοσαῦτ’
1075 2061 1196 2097 ἐχόντων
1219 2062 1294 2096 εἴδη,
1319 2062 1370 2090 ὅσα
1392 2063 1495 2091 isbaab·

181 2109 262 2133 ρηται
281 2099 311 2126 ἐν
329 2105 387 2131 τοῖς
406 2101 469 2134 περὶ
487 2101 631 2134 ποιήσεως.

271 2141 297 2174 2)
317 2139 413 2167 Cicero
428 2141 481 2167 hoc
495 2141 556 2168 loco
572 2142 693 2169 breviter
707 2142 793 2168 etiam
808 2142 843 2169 de
864 2142 1002 2177 ‘legendis
1016 2142 1174 2169 oratoribus
1189 2144 1218 2169 et
1231 2143 1333 2177 poetis’
1354 2143 1494 2170 admont.

181 2179 247 2206 Veri
271 2180 362 2207 simile
387 2181 475 2215 igitur
498 2183 542 2208 est
565 2182 663 2208 eodem
687 2182 756 2208 artis
780 2182 874 2216 capite
897 2182 1122 2216 Theophrastum
1146 2191 1180 2209 ea
1203 2183 1393 2217 praecepisse,
1421 2190 1495 2217 qm

180 2219 278 2247 attulit
298 2220 489 2252 Quintilianus
508 2221 532 2247 X
553 2225 577 2254 1,
596 2225 638 2248 27.

271 2262 298 2294 3)
318 2260 395 2292 Quae
414 2270 458 2287 res
478 2261 681 2288 recentioribus
701 2263 893 2297 grammaticis
913 2263 990 2289 cordi
1012 2264 1085 2295 (παις
1113 2263 1185 2297 vide,
1211 2272 1284 2297 quae
1304 2262 1494 2296 Quintilianus

182 2301 359 2335 praeceperit
377 2302 441 2334 περὶ
460 2301 631 2335 ὀρθοεπείας
648 2302 661 2328 I
676 2306 701 2335 ὁ,
714 2305 827 2329 17-33.
