1566 2592
51 1538 66 1565 ΓΙ

178 144 242 176 120
746 145 838 180 eaput
856 145 928 173 VIII.

173 238 268 269 posse
291 227 354 259 nisi
373 226 649 269 Thrasymachum
671 227 711 259 ab
736 238 773 259 eo
799 229 962 260 auctorem
985 233 1100 270 μικτῆς
1124 228 1241 268 λέξεως
1263 231 1296 261 et
1314 231 1491 272 μεσότητος

173 281 342 313 cuiusdam
367 291 436 312 esse
459 280 633 312 laudatum.
642 279 667 324 l)
695 281 787 313 Hanc
810 283 918 313 autem
942 283 1103 323 μεσότητα
1128 282 1168 314 ab
1192 282 1369 315 Aristotele
1393 285 1426 316 et
1447 283 1489 316 ab

173 334 289 366 ethicis
307 334 598 376 Peripateticorum
621 335 737 367 studiis
760 335 926 376 profectus
949 335 987 367 ad
1012 335 1169 368 virtutum
1190 336 1370 368 doctrinam
1392 337 1489 370 certis

172 388 372 430 argumentis
393 388 503 420 defert.

262 441 359 474 Modo
384 442 644 474 coniunctionem
670 443 754 474 inter
779 453 897 485 genera
922 444 954 474 et
979 442 1116 474 virtutes
1134 443 1216 476 falso
1235 444 1355 476 factam
1379 455 1489 476 rursus

173 495 400 538 dissolvamus,
423 495 518 528 facile
542 495 736 538 videbimus,
760 507 824 538 qua
846 496 971 527 ratione
995 495 1171 538 Dionysius
1190 496 1432 539 Theophrastea
1455 497 1490 529 in

170 560 268 581 suum
288 561 381 581 usum
402 550 605 582 converterit.
634 549 777 581 Medium
797 549 1013 591 Theophrasti
1033 549 1250 583 intercedebat
1269 551 1352 583 inter
1367 552 1490 584 ἰδιωτι-

170 603 234 635 κὸν
258 604 359 644 λόγον
383 605 415 635 et
439 603 614 635 oratoriam
639 603 814 635 dictionem
838 608 1023 645 κατασκευῇ
1048 606 1208 645 ornatam,
1230 615 1270 636 ne
1293 604 1490 637 ornamentis

171 656 270 688 fidem
294 657 457 689 amitteret
481 657 584 689 oratio
609 668 688 689 neve
707 657 772 688 vim
795 656 1011 698 simplicitate.
1039 656 1230 699 Explicatur
1247 657 1329 690 illud
1348 657 1490 690 medium

171 710 207 742 in
225 710 411 752 rhythmico
431 711 612 753 fragmento
628 722 646 742 a
661 710 827 743 Demetrio
843 712 978 742 servato.
1007 710 1053 743 Ut
1066 711 1269 753 Aristoteles,
1288 710 1334 743 ita
1352 711 1490 753 discipu·

171 763 222 796 lus
242 775 365 805 paeona
385 764 588 796 commendat
607 763 748 796 Demetr.
763 765 820 796 41:
844 765 1050 806 παραλαβεῖν
1072 763 1186 805 μέντοι,
1208 765 1267 797 τὸν
1290 765 1420 797 παίωνα
1442 765 1491 804 εἰς

173 818 251 855 τοὺς
271 819 402 859 λόγους,
422 817 534 860 ἐπειδὴ
553 819 667 858 μικτός
686 819 735 856 τίς
754 817 824 850 ἐστι
843 817 897 850 καὶ
918 817 1170 860 ἀσφαλέστερος,
1190 818 1226 850 τὸ
1245 815 1492 860 μεγαλοπρεπὲς

168 869 234 912 μὲν
254 871 289 903 ἐκ
309 876 366 912 τῆς
384 876 511 912 μακρᾶς
531 871 724 913 λαμβάνων,
747 872 785 903 τὸ
807 871 943 912 λογικὸν
962 871 999 903 δὲ
1018 871 1054 904 ἐκ
1073 878 1140 904 τῶν
1158 870 1365 915 βραχειῶν.’)
1393 871 1438 904 Et
1455 870 1492 904 in

173 924 256 956 libro
277 925 315 956 de
336 926 571 967 compositione
590 925 762 958 verborum
782 927 815 957 et
834 925 868 956 in
886 925 1005 957 iudicio
1025 925 1064 958 de
1082 925 1298 957 Demosthene
1313 925 1491 967 Dionysius

172 978 256 1010 hanc
271 978 520 1020 Peripateticam
536 979 622 1010 inter
636 980 763 1011 virtutes
776 981 938 1021 μεσότητα
953 979 1059 1011 medio
1071 980 1178 1020 yeneri
1192 979 1374 1011 inculcavit.
1391 977 1490 1011 Inter·

169 1032 250 1063 dum
270 1033 310 1081 de
329 1033 434 1064 medio
455 1033 540 1064 inter
559 1044 676 1075 genera
695 1033 787 1074 dicit,
817 1033 907 1065 velut
928 1044 952 1064 c.
968 1032 989 1064 5
1008 1044 1038 1074 p.
1055 1032 1167 1064 965R:
1194 1031 1214 1073 ἡ
1234 1031 1271 1065 δὲ
1291 1033 1331 1074 δὴ
1353 1034 1492 1065 Πλατω-

173 1086 249 1127 νικὴ
270 1086 439 1124 διάλεκτος
458 1087 613 1128 βούλεται
632 1087 693 1127 μὲν
713 1084 797 1119 εἶναι
817 1087 872 1118 καὶ
892 1086 974 1128 αὐτὴ
994 1092 1097 1128 μῖγμα
1117 1085 1279 1127 ἑκατέρων
1302 1091 1370 1118 τῶν
1393 1097 1492 1128 χαρα-

173 1141 314 1182 κτήρων,
333 1145 394 1172 τοῦ
414 1152 448 1173 τε
467 1141 599 1181 ὑψηλοῦ
617 1139 673 1172 καὶ
694 1141 825 1182 ἰσχνοῦ,
846 1140 1006 1172 interdum
1026 1140 1123 1171 etiam
1144 1139 1182 1171 de
1202 1139 1307 1171 medio
1327 1140 1412 1172 inter
1429 1138 1492 1171 vir-

173 1195 275 1235 tutes,
307 1196 345 1225 ut
373 1205 398 1226 c.
414 1194 434 1226 3
454 1205 484 1235 p.
500 1194 579 1235 959,
612 1196 785 1236 postquam
813 1193 988 1226 Isocratem
1017 1195 1049 1225 et
1074 1192 1212 1225 Platona
1239 1193 1336 1225 medii
1365 1192 1491 1236 generis

171 1248 321 1289 exempla
340 1247 465 1280 attulit:
484 1249 613 1280 τούτων
632 1248 695 1290 γὰρ
711 1247 881 1290 ἀμήχανον
895 1247 1007 1288 εὑρεῖν
1021 1252 1088 1278 τῶν
1103 1247 1237 1286 ἄνδρων
1252 1245 1384 1288 ἑτέρους
1398 1247 1491 1284 τινὰς

169 1299 235 1339 ἔξω
255 1301 502 1343 Δημοσθένους
520 1301 540 1342 ἢ
560 1301 742 1342 τάναγκαῖα
756 1301 811 1332 καὶ
828 1302 971 1342 χρήσιμα
985 1306 1136 1341 κρεῖττον
1151 1299 1358 1341 ἀσκήσαντας
1371 1298 1424 1342 (τὸ
1439 1301 1492 1332 λο-

172 1357 270 1396 γικόν
293 1355 326 1386 in
346 1355 529 1397 fragmento
550 1354 765 1396 Theophrasti
785 1365 882 1396 supra
901 1353 1048 1396 laudato)
1071 1352 1091 1394 ἢ
1115 1354 1175 1394 τὴν
1198 1354 1413 1395 καλλιλογίαν
1435 1353 1491 1386 καὶ

173 1409 232 1446 τὰς
252 1408 428 1446 ἐπιθέτους
447 1409 651 1446 κατασκευὰς
670 1407 803 1450 βέλτιον
823 1406 1103 1447 ἀποδειξαμένους
1122 1406 1173 1448 (τὸ
1192 1405 1438 1448 μεγαλοπρεπές
1456 1407 1492 1439 in

173 1462 356 1505 fragmento
376 1461 561 1504 Theophr.).
591 1462 642 1494 Ex
661 1462 721 1493 hac
741 1463 807 1493 tam
827 1461 960 1502 ancipiti
979 1460 1104 1493 ratione
1127 1461 1177 1501 fit,
1202 1462 1237 1492 ut
1256 1459 1491 1495 Demosthenes

172 1517 209 1547 in
227 1516 340 1548 eodem
360 1527 475 1558 genere
499 1527 572 1548 cum
592 1515 727 1548 Platone
751 1518 784 1547 et
806 1526 880 1547 cum
899 1514 1041 1547 Isocrate
1064 1515 1260 1546 numeretur.
1288 1513 1490 1555 Quamquam

173 1580 214 1601 ne
233 1570 302 1607 eius
322 1569 452 1611 quidem
473 1569 658 1601 coniunctio
678 1579 751 1601 cum
771 1568 877 1600 medio
896 1579 1012 1610 genere
1027 1568 1106 1599 satis
1122 1567 1262 1599 dilucida
1276 1569 1326 1599 est
1339 1569 1372 1599 et
1388 1567 1490 1600 firma.

173 1622 298 1655 Partim
324 1625 359 1655 in
384 1623 456 1665 ipso
483 1634 600 1665 genere
627 1622 805 1655 collocatur
830 1624 927 1664 atque
953 1621 1015 1654 hoc
1038 1621 1140 1653 totius
1163 1621 1239 1652 libri
1263 1623 1490 1663 argumentum

168 1678 232 1718 est,
251 1678 368 1718 partim
390 1679 498 1708 tamen
513 1687 610 1718 supra
625 1676 734 1709 omnia
747 1676 811 1708 tria
825 1687 943 1718 genera
957 1675 1085 1707 tollitur
1099 1677 1131 1707 et
1145 1674 1287 1706 medium
1301 1685 1366 1706 non
1383 1674 1490 1706 minus

169 1733 313 1772 superat,
332 1741 429 1772 quam
449 1733 553 1762 cetera
573 1730 646 1772 duo,
665 1729 814 1762 similiter
832 1731 869 1761 ut
887 1730 922 1761 in
937 1728 1071 1761 Oratore
1085 1728 1244 1760 Tulliano.
1273 1728 1343 1760 1100
1362 1738 1491 1770 quoque

173 1783 452 1816 Hendricksonius
471 1787 555 1816 recte
575 1784 803 1815 animadvertit
821 1783 970 1815 floridam
990 1783 1087 1814 medii
1106 1782 1232 1825 generis
1247 1782 1394 1822 formam,
1413 1792 1490 1824 qua-

171 1838 252 1880 lem,
270 1840 307 1869 ut
326 1849 426 1869 unum
447 1838 592 1879 afferam,
612 1837 724 1870 Cicero
745 1837 897 1869 describit
916 1837 950 1868 in
970 1835 1118 1878 Oratore,
1142 1836 1201 1868 sub
1221 1846 1305 1867 nova
1323 1835 1404 1867 facie
1423 1845 1490 1867 non

173 1892 269 1933 plane
288 1891 388 1923 latere
407 1891 452 1934 (p.
471 1891 534 1923 143
553 1891 613 1923 loc.
629 1890 705 1934 cit).

267 1945 399 1977 Accedit
413 1945 559 1986 denique,
575 1944 660 1986 quod
676 1945 801 1976 diversa
815 1943 1009 1984 testimonia,
1024 1942 1142 1984 quibus
1158 1943 1235 1984 quid
1245 1941 1489 1984 Theophrastus

174 1999 213 2030 de
239 1998 351 2030 eodem
378 2000 506 2031 oratore
532 1998 735 2040 iudicaverit,
762 1997 857 2030 nobis
881 1997 1031 2038 traditur,
1059 1997 1085 2028 si
1111 2007 1229 2039 genera
1252 1996 1281 2028 ei
1306 1996 1490 2038 tribuimus,

173 2053 264 2084 nullo
289 2052 384 2084 modo
409 2053 443 2084 in
467 2054 587 2084 certam
611 2053 769 2084 rationem
795 2051 945 2092 componi
968 2053 1118 2093 possunt,
1146 2050 1186 2082 ad
1210 2050 1346 2081 virtutes
1371 2051 1489 2090 autem,

173 2106 284 2148 quales
305 2106 406 2138 altero
427 2106 531 2147 capite
551 2106 770 2148 cognovimus,
791 2105 900 2137 omnia
919 2105 1085 2147 quadrant.

266 2209 290 2241 1)
311 2209 341 2234 A.
357 2207 381 2234 J.
398 2208 446 2234 Ph.
462 2207 538 2234 XXV
554 2217 578 2242 p.
593 2211 642 2234 126
650 2217 702 2241 sq:
724 2207 952 2241 „Theophrastus
968 2206 1135 2240 recognized
1150 2204 1375 2239 Thrasymachus
1390 2212 1421 2230 as
1440 2203 1488 2230 the

174 2248 277 2275 author
296 2248 327 2274 of
344 2257 360 2274 a
379 2248 460 2282 μικτὴ
481 2247 551 2280 λέξις
571 2256 602 2274 or
621 2256 637 2274 a
657 2247 785 2282 μεσότης,
810 2247 865 2273 and
885 2246 980 2273 before
999 2246 1171 2280 proceeding
1192 2246 1220 2272 to
1245 2245 1325 2272 other
1348 2244 1488 2270 inference

173 2289 198 2315 it
216 2290 292 2315 must
312 2289 345 2315 be
366 2297 416 2315 our
435 2288 499 2315 task
519 2291 548 2315 to
568 2288 706 2315 ascertain
726 2288 774 2314 the
793 2286 927 2322 meaning
945 2287 977 2313 of
993 2286 1049 2313 this
1069 2294 1121 2312 oue
1140 2286 1219 2320 piece
1239 2284 1270 2311 of
1287 2284 1446 2312 evidence.“

264 2331 290 2364 2)
311 2329 395 2356 Plura
414 2329 609 2356 Hendrickson
629 2338 655 2363 p.
673 2332 731 2355 137.
