1566 2592
165 144 228 176 100
731 145 822 180 Caput
841 145 898 172 VII.

162 226 236 267 bus,
260 228 357 267 atque
380 228 486 258 totum
512 237 613 269 genus
638 226 756 259 subtile
776 229 808 260 et
827 229 970 268 acutum,
994 228 1045 260 cui
1065 229 1230 270 favebant,
1255 229 1347 271 quasi
1365 231 1478 262 natum

162 280 323 311 videretur
342 279 420 311 viris
440 279 478 311 de
493 291 527 312 re
547 281 651 323 magis
671 291 766 321 quam
788 281 826 312 de
845 281 952 313 verbis
967 281 1200 314 laborantibus.
1230 282 1340 315 Cicero
1356 282 1478 316 invitus

160 335 294 375 propter
323 333 448 365 dicendi
476 344 578 376 genus
606 334 710 376 magis
734 334 931 366 rhetoricum
955 337 987 366 et
1011 338 1160 367 ornatum
1185 336 1225 367 ab
1249 336 1369 368 Atticis
1393 336 1480 369 inter

159 397 215 418 eos
230 387 318 428 ipsos
338 386 483 419 rhetores
503 387 741 428 numerabatur,
756 399 837 429 quos
852 388 945 420 libris
955 388 1004 420 De
1015 388 1149 421 Oratore
1167 390 1370 422 refutaverat.
1395 389 1478 423 Con-

160 442 350 472 sentaneum
369 443 417 472 est
435 440 475 472 ad
495 442 656 473 certamen
675 443 843 483 tantopere
861 444 1020 474 mutatum
1041 442 1195 475 mutanda
1214 443 1244 475 ei
1262 444 1362 475 fuisse
1380 455 1478 476 arma.

160 493 280 526 Contra
298 493 427 526 Atticos
446 494 588 526 rationes
607 494 878 537 philosophorum
898 507 963 527 non
982 495 1120 527 multum
1140 496 1298 529 valebant.
1308 496 1331 539 ¹)
1360 496 1479 530 Orator

160 558 236 579 vero
256 549 412 589 probatus
432 549 544 580 contra
563 551 706 580 oratores
725 549 880 590 probatos
899 549 1096 590 dissertavit,
1118 550 1191 591 quis
1210 550 1325 582 melius
1345 550 1478 583 haberet

158 600 286 632 dicendi
316 612 426 644 genus.
460 601 683 639 Quaerendum
715 604 797 643 erat,
826 603 912 643 quod
941 613 1042 645 genus
1071 603 1155 635 inter
1182 604 1291 635 omnia
1317 604 1476 646 optimum

159 653 280 697 esset.²)
309 654 457 696 Accedit,
477 655 564 697 quod
582 654 686 687 Attici
705 656 888 688 imitatione
907 655 1094 688 nitebantur
1113 657 1153 688 ad
1171 668 1265 689 suum
1284 668 1385 700 genus
1403 669 1476 700 pro-

158 708 308 740 bandum.
338 708 452 750 Itaque
472 709 568 741 etiam
589 709 669 741 illud
684 709 888 741 tractandum
904 711 981 750 erat,
1000 710 1072 751 quis
1086 711 1171 742 inter
1185 710 1338 753 probatos
1353 713 1477 745 veteres

159 764 307 794 auctores
327 762 469 804 optimus
489 761 610 805 esset.³)

249 815 337 853 Quae
365 827 437 847 cum
464 816 509 847 ita
529 818 649 858 essent,
678 816 804 848 Tullius
830 817 971 858 reliquas
998 819 1152 859 quattuor
1178 821 1284 859 partes
1309 818 1476 852 vocabulis

158 870 238 901 artis
258 870 388 901 usitatis
408 869 592 911 appellavit,
611 881 670 911 pro
691 870 806 909 λέξεως
825 873 933 902 autem
953 873 1053 913 parte,
1072 871 1113 902 ad
1132 883 1228 913 quam
1248 874 1410 905 certamen
1428 875 1477 906 to-

160 924 230 954 tum
241 922 401 964 tendebat,
417 935 450 955 se
465 935 583 966 genera
596 926 809 956 tractaturum
825 935 892 956 esse
907 935 1000 966 saepe
1015 925 1190 957 affirmavit
1204 926 1274 967 ipso
1286 926 1477 959 elocutionis

160 975 306 1019 (λέξεως)
326 977 458 1008 nomine
473 977 633 1019 consulto,
651 979 689 1009 ut
708 978 789 1009 mihi
810 978 939 1019 quidem
954 978 1089 1020 videtur,
1108 979 1229 1011 evitato
1258 979 1325 1022 (Or.
1341 980 1393 1022 54,
1411 991 1477 1022 quo

157 1029 230 1062 loco
251 1041 362 1062 omnes
381 1034 509 1072 praeter
527 1031 616 1069 λέξιν
635 1033 743 1073 partes
763 1031 1079 1075 commemorantur).
1107 1032 1158 1064 Ex
1183 1033 1236 1074 iis,
1260 1044 1341 1075 quae
1364 1033 1404 1066 de
1424 1044 1477 1077 ge-

156 1094 271 1115 nerum
294 1086 410 1116 natura
433 1095 531 1126 supra
554 1086 776 1127 exposuimus,
799 1096 873 1117 cum
898 1086 1058 1117 audiveris
1083 1086 1162 1118 haec
1181 1085 1342 1119 Ciceronis
1365 1087 1476 1120 verba:

158 1136 277 1180 „Nulla
287 1140 457 1180 praecepta
467 1149 625 1180 ponemus
635 1149 793 1180 —neque
808 1139 893 1171 enim
910 1139 941 1170 id
957 1140 1155 1181 suscepimus
1169 1158 1208 1162 —
1219 1140 1275 1172 sed
1290 1131 1476 1174 excellentis

157 1191 361 1233 eloquentiae
381 1193 519 1234 speciem
535 1194 567 1223 et
581 1192 718 1224 formam
734 1192 781 1235 (id
796 1194 845 1224 est
862 1198 1051 1235 χαρακτῆρα
1071 1192 1124 1224 Or.
1139 1193 1190 1226 36.
1209 1194 1286 1236 134)
1308 1194 1477 1227 adumbra-

157 1245 278 1286 bimus3
301 1256 361 1277 nec
380 1245 498 1287 quibus
517 1245 613 1277 rebus
633 1257 670 1277 ea
689 1247 834 1287 paretur,
857 1257 1068 1288 exponemus,
1094 1246 1148 1278 sed
1168 1247 1272 1288 qualis
1290 1247 1386 1279 nobis
1404 1258 1472 1280 esse

157 1299 323 1330 videatur“
342 1298 410 1342 (Or.
425 1299 498 1342 43),
517 1299 582 1331 iam
602 1299 770 1342 intelleges
790 1301 936 1342 virtutes,
956 1311 1038 1342 quae
1057 1301 1097 1332 ad
1115 1303 1286 1343 praecepta
1305 1302 1476 1333 instituen-

157 1353 216 1384 dae
235 1353 427 1385 elocutionis
445 1355 576 1394 paratae
596 1355 685 1394 sunt,
705 1353 739 1385 in
759 1352 892 1385 Oratore
911 1364 951 1386 ne
971 1364 1064 1395 posse
1084 1354 1212 1396 quidem
1233 1354 1392 1396 adhiberi,
1417 1355 1475 1387 sed

157 1417 276 1448 genera
300 1407 481 1438 necessaria
506 1418 576 1438 esse
602 1407 642 1439 ad
669 1407 907 1439 describendam
935 1409 1098 1439 oratorum
1125 1408 1321 1440 varietatem.
1351 1407 1476 1440 Genera

157 1460 242 1491 enim
263 1461 331 1492 sola
350 1460 389 1492 ad
410 1462 571 1492 certamen
591 1471 664 1492 cum
683 1460 802 1492 Atticis
823 1463 929 1493 ortum
949 1461 1100 1493 valebant
1118 1464 1216 1503 atque
1240 1462 1278 1493 de
1302 1461 1475 1505 generibus

156 1513 279 1546 Brutus
306 1514 498 1546 sententiam
526 1514 612 1546 Tulli
638 1515 778 1557 rogavit:
806 1514 959 1556 „Quaeris
985 1515 1100 1557 igitur,
1126 1515 1222 1556 idque
1248 1515 1312 1547 iam
1338 1516 1476 1558 saepius,

156 1567 243 1609 quod
259 1567 462 1608 eloquentiae
478 1579 579 1610 genus
593 1569 727 1610 probem
743 1567 902 1600 maxime“
916 1567 984 1611 (Or.
995 1568 1039 1611 3).
1059 1567 1171 1610 Itaque
1186 1568 1355 1601 ‘oratoris’
1370 1569 1474 1602 libelli

247 1684 273 1717 1)
292 1682 386 1715 Ratio,
407 1692 478 1717 quae
499 1683 652 1710 intercedit
669 1683 743 1710 inter
761 1683 849 1710 libros
867 1683 909 1710 De
929 1683 974 1710 Or.
995 1685 1023 1710 et
1043 1683 1188 1710 Oratorem
1208 1683 1330 1710 breviter
1348 1691 1473 1718 compre-

156 1722 244 1749 hensa
264 1725 307 1749 est
325 1723 369 1749 his
385 1722 525 1750 Ciceronis
544 1724 650 1750 verbis:
669 1724 731 1757 „Ita
746 1725 774 1750 et
789 1724 880 1750 doctis
899 1723 1061 1758 eloquentia
1080 1723 1225 1758 popularis
1240 1723 1348 1757 (Attici,
1363 1723 1474 1758 Orator)

155 1764 185 1789 et
204 1763 318 1789 disertis
338 1763 452 1798 elegans
472 1764 601 1790 doctrina
621 1764 752 1798 (artifices
772 1764 895 1799 linguae,
914 1764 956 1791 De
971 1763 1028 1798 Or.)
1046 1764 1201 1800 desuit,=‚(cf.
1217 1764 1262 1791 Or.
1280 1766 1333 1798 13).
1359 1763 1475 1791 Utrum-

155 1811 210 1836 que
229 1803 259 1829 in
279 1803 372 1830 Tullio
392 1805 460 1830 erat.

247 1845 273 1877 2)
293 1843 353 1870 Hoc
379 1844 554 1877 propositum
580 1852 641 1871 esse
667 1843 763 1871 Cicero
790 1845 902 1878 saepius
929 1844 1000 1871 dicit
1025 1844 1059 1871 cf.
1075 1844 1120 1871 Or.
1137 1847 1160 1871 2.
1177 1847 1200 1870 3.
1217 1847 1249 1870 54
1266 1845 1318 1871 etc.
1353 1843 1472 1878 Semper

156 1892 244 1917 genus
264 1884 293 1909 et
311 1884 454 1918 χαρακτήρ
474 1884 583 1918 (forma,
602 1885 702 1919 figura)
723 1886 966 1911 commemoratur.

246 1925 272 1957 3)
293 1923 388 1950 Cicero
413 1925 566 1958 pugnando
590 1932 646 1950 non
670 1926 817 1951 contentus
842 1926 910 1951 erat.
940 1925 1037 1951 Denuo
1061 1933 1165 1952 omnem
1189 1926 1278 1951 artem
1302 1933 1387 1958 quam
1407 1924 1472 1951 bre-

155 1963 268 1991 vissime
282 1965 428 1997 percenset
443 1966 472 1991 et
486 1964 566 1991 ἰδέαν
581 1965 699 1991 oratoris
713 1964 832 1999 perfecti
847 1965 876 1991 in
891 1966 1025 1999 quattuor
1035 1973 1068 1991 ex
1082 1965 1206 1999 quinque
1215 1965 1343 1999 partibus
1358 1967 1473 1999 (memo-

155 2004 227 2030 riam
247 2012 417 2038 quamquam
432 2005 542 2036 transit,
558 2006 653 2031 tamen
667 2006 877 2038 commemorat)
892 2005 1033 2032 describit.
1062 2005 1166 2040 Incipit
1179 2007 1274 2032 autem
1290 2013 1306 2031 a
1321 2005 1472 2039 generibus

155 2045 200 2079 <20
207 2046 267 2078 sq.)‚
283 2044 319 2070 ad
330 2052 402 2078 quae
414 2045 488 2071 redit
500 2045 612 2071 demum
625 2048 640 2077 §
653 2047 694 2071 75.
721 2045 796 2072 Haec
807 2053 911 2080 genera
926 2045 1086 2072 certaminis
1099 2054 1185 2072 causa
1197 2047 1380 2079 exponuntur.
1401 2044 1473 2072 Item

155 2093 290 2119 magnum
305 2085 428 2118 spatium
443 2085 640 2118 compositioni
654 2085 802 2112 verborum
817 2094 979 2112 concessum
994 2094 1026 2112 ex
1042 2085 1194 2112 certamine
1209 2086 1373 2120 explicatur.
1393 2084 1471 2118 Quae

156 2125 193 2151 ad
213 2125 282 2151 artis
302 2125 397 2151 orbem
417 2125 615 2159 complendum
635 2125 759 2158 addidit,
785 2134 818 2152 ea
837 2127 902 2152 sunt
920 2126 1027 2152 inserta
1045 2126 1168 2158 ratione,
1192 2127 1225 2152 ut
1243 2126 1356 2160 saepius
1379 2125 1472 2152 denuo

156 2165 244 2192 ordiri
270 2165 399 2192 videatur
425 2167 510 2199 atque
534 2165 616 2200 plura
638 2166 783 2200 prooemia
806 2166 835 2192 in
859 2165 931 2192 libro
955 2166 1138 2200 reperiantur.
1168 2166 1268 2199 Itaque
1291 2165 1380 2192 omnis
1403 2165 1472 2192 ordo

155 2205 239 2232 huius
259 2205 325 2232 libri
346 2205 522 2239 intellegitur
546 2214 578 2232 ex
599 2206 759 2240 angustiore
780 2206 846 2238 fine,
871 2215 952 2239 quem
974 2206 1076 2232 Brutus
1101 2207 1129 2233 et
1148 2206 1237 2233 Attici
1261 2206 1286 2232 ei
1310 2206 1470 2240 posuerunt,

156 2247 185 2272 et
209 2254 242 2272 ex
264 2246 400 2280 ampliore
421 2246 538 2272 consilio
559 2246 713 2279 Ciceronis,
738 2246 786 2280 qui
810 2245 937 2272 libellum
957 2246 1031 2272 ultra
1056 2246 1190 2281 temporis
1214 2245 1409 2273 necessitatem
1433 2244 1470 2271 mi

156 2286 378 2320 disputationem
398 2286 510 2320 plenam
531 2286 566 2313 de
586 2287 695 2313 oratore
716 2286 839 2320 perfecto
859 2294 962 2321 augere
981 2286 1077 2313 voluit.
1107 2286 1293 2313 Gravissimus
1307 2286 1385 2313 locus
1400 2289 1470 2319 §64,

156 2326 189 2352 cf.
206 2329 221 2359 ἓ
237 2329 278 2352 52.
