1566 2592
199 146 220 177 2
763 143 941 171 Prooemium

180 227 315 276 (plait,
333 227 422 258 varia
441 229 473 258 et
498 226 643 268 dispersa
669 225 780 258 ordine
799 227 832 258 et
857 225 992 258 consilio
1019 225 1193 267 disposuit,
1220 236 1345 257 omnem
1376 225 1514 268 denique

184 277 413 312 elocutionem
429 279 490 311 sub
507 281 627 312 certam
643 279 802 311 rationem
817 279 950 322 redegit,
964 290 1005 311 ne
1020 278 1195 321 discipulos
1210 278 1336 311 dicendi
1351 278 1514 311 studiosos

199 335 233 366 in
251 334 314 366 hac
337 334 408 376 ipsa
434 333 512 366 artis
536 335 627 375 parte
646 344 665 364 a
688 332 957 375 philosophorum
984 332 1094 364 schola
1120 331 1310 374 dimitteret,
1337 343 1418 374 quae
1437 343 1515 374 prae

190 377 314 420 'ceteris
342 387 521 419 necessaria
550 386 711 419 videretur
739 386 869 418 oratori.
897 384 1018 427 „Quem
1039 386 1100 418 hoc
1124 397 1189 418 uno
1217 387 1386 428 excellere,
1409 386 1442 418 id
1465 387 1516 418 est

199 442 357 483 oratione,
376 442 481 472 cetera
500 440 533 472 in
553 451 590 473 eo
610 441 710 472 latere
734 440 855 472 indicat
877 451 995 472 nomen
1022 440 1142 482 ipsum3
1167 451 1234 472 non
1256 440 1342 472 enim
1366 440 1516 472 inventor

200 497 256 527 aut
275 494 473 536 compositor
487 496 543 526 aut
557 495 648 526 actor
658 493 733 536 ——¹)
744 494 822 525 haec
837 493 1025 534 complexus
1039 495 1088 525 est
1107 493 1216 525 omnia
1226 512 1267 516 —
1279 493 1335 525 sed
1349 495 1382 525 et
1397 492 1516 525 Graece

201 549 240 581 ab
260 541 439 589 eloquendo
460 547 569 589 ῥήτωρ
589 549 621 579 et
640 547 755 579 Latine
775 548 928 588 eloquens
948 546 1054 579 dictus
1074 549 1136 589 est3
1161 549 1338 579 ceterarum
1362 547 1449 579 enim
1467 558 1515 578 rc-

200 613 285 643 rum,
310 612 391 643 quae
415 603 491 632 sunt
510 601 543 632 in
568 602 708 642 oratore,
732 603 857 642 partem
882 600 1023 642 aliquam
1047 600 1109 632 sibi
1134 601 1270 642 quisque
1293 600 1448 642 vindicat,
1469 600 1516 632 di-

201 655 293 688 cendi
312 657 435 696 autem,
454 654 487 686 id
507 656 555 686 est
574 653 760 695 eloquendi,
778 654 920 685 maxima
939 654 988 685 vis
1009 653 1069 686 soli
1093 653 1171 686 huic
1194 654 1408 686 concedsturf‘
1436 653 1516 696 (Cic.

203 708 255 741 Or.
271 707 337 752 61).
376 707 439 740 Sed
460 718 500 739 ne
524 706 700 749 sapientiae
723 718 851 748 quoque
871 707 1033 739 studiosos
1056 707 1095 738 ad
1114 708 1321 749 κατασκευὴν
1340 701 1514 740 oratoriam

201 763 341 803 vocaret,
359 760 631 803 philosophorum
651 760 776 792 dicendi
794 760 951 792 rationem
968 772 987 792 a
1000 771 1118 803 genere
1138 760 1299 793 rhetorico
1313 762 1434 803 apertis
1447 772 1517 794 ver-

202 816 252 847 bis
278 815 448 857 separavit.
486 813 577 846 Sicut
602 813 795 846 Aristoteles
822 814 994 846 verborum
1023 824 1132 846 curam
1159 814 1241 855 πρὸς
1266 815 1326 846 τὸν
1351 813 1518 857 ἀκροατήν

203 870 284 901 dixit
305 879 374 900 esse
399 866 444 910 (p.
462 866 649 911 1404a11),
676 867 737 899 hac
755 867 880 899 ratione
899 867 1145 909 Theophrastus
1176 868 1356 900 orationem
1380 868 1415 900 in
1438 868 1518 900 dues

202 925 310 964 partes
329 921 453 953 divisit:
477 924 602 962 Διττῆς
626 921 726 962 οὔσης
746 925 803 962 τῆς
822 925 882 953 τοῦ
909 922 1011 962 λόγου
1036 920 1192 963 σχέσεως,
1215 922 1303 954 καθὸ
1323 922 1482 964 διώρισεν
1499 922 1519 956 ὁ

203 977 391 1017 φιλόσοφος
413 976 638 1016 Θεόφραστος,
657 979 714 1016 τῆς
733 986 767 1006 τε
787 975 870 1016 πρὸς
893 976 972 1012 τοὺς
996 974 1240 1016 ἀκροωμένους,
1259 970 1310 1013 οἷς
1328 974 1383 1007 καὶ
1403 977 1519 1018 σημαί-

205 1041 255 1061 νει
275 1041 321 1069 τι,
341 1027 395 1060 καὶ
415 1032 472 1069 τῆς
491 1028 573 1069 πρὸς
592 1029 631 1059 τὰ
650 1028 840 1069 πράγματα,
858 1026 943 1069 ὑπὲρ
963 1025 1012 1060 ὧν
1031 1027 1048 1060 ὁ
1069 1027 1176 1069 λέγων
1194 1033 1305 1060 πεῖσαι
1324 1030 1519 1071 προτίθεται

205 1083 284 1121 τοὺς
304 1081 547 1123 ἀκροωμένους,
566 1080 641 1123 περὶ
660 1081 721 1123 μὲν
740 1082 802 1122 τὴν
820 1081 935 1123 σχέσιν
953 1082 1058 1113 αὐτοῦ
1078 1082 1139 1123 τὴν
1157 1083 1241 1123 πρὸς
1259 1083 1338 1120 τοὺς
1357 1082 1520 1124 ἀκροατὰς

204 1137 440 1178 καταγίνονται
459 1135 612 1176 ποιητικὴ
632 1133 686 1166 καὶ
707 1135 864 1176 ῥητορική
879 1159 975 1166 .....
996 1140 1053 1176 τῆς
1072 1134 1112 1167 δέ
1128 1147 1166 1176 γε
1184 1135 1268 1176 πρὸς
1286 1136 1326 1167 τὰ
1344 1136 1521 1178 πράγματα

205 1194 265 1222 τοῦ
285 1190 386 1229 λόγου
407 1187 549 1230 σχέσεως
567 1188 584 1220 ὁ
605 1189 793 1229 φιλόσοφος
810 1187 1068 1230 προηγουμένως
1087 1187 1315 1230 ἐπιμελήσεται
1334 1191 1372 1222 τό
1386 1201 1422 1221 τε
1440 1194 1519 1228 ψεῦ-

206 1245 265 1281 δος
290 1242 470 1284 διελέγχων
494 1241 549 1274 καὶ
565 1242 606 1277 ,τὸ
633 1240 757 1283 ἀληθὲς
783 1241 983 1280 ἀποδεικνύς
1011 1240 1218 1284 (Ammonius
1237 1243 1271 1274 in
1290 1242 1425 1275 Aristot.
1443 1243 1520 1284 περὶ

207 1296 319 1339 ἑρμην.
338 1296 400 1328 vol.
415 1295 503 1337 IV,5
523 1307 552 1337 p.
569 1295 611 1328 65
631 1295 741 1337 Busse,
756 1294 904 1327 Schmidt
918 1295 1032 1338 fragm.
1043 1295 1151 1327 XXIV
1168 1295 1279 1338 Mayer
1292 1307 1323 1338 p.
1335 1295 1400 1340 14).
1430 1295 1521 1329 Artis

206 1350 386 1393 praeceptis
406 1349 590 1381 oratoribus
610 1351 737 1380 tantum
758 1360 839 1390 opus
859 1351 921 1390 est,
944 1349 1134 1391 philosophi
1157 1350 1371 1381 elocutionem
1395 1361 1522 1383 accure—

206 1408 283 1443 tam,
301 1403 357 1435 sed
377 1414 510 1435 vacuam
526 1403 722 1434 ornamentis
737 1414 776 1434 ex
790 1403 886 1434 rebus
901 1403 981 1444 ipsis
1001 1402 1232 1444 adipiscuntur.
1263 1402 1348 1435 Nam
1366 1403 1521 1446 „loquun-

206 1461 262 1490 tur
280 1469 353 1489 cum
373 1457 492 1499 doctis,
516 1468 651 1498 quorum
677 1457 787 1489 sedare
807 1458 932 1489 animos
956 1457 1082 1489 malunt
1105 1468 1202 1498 quam
1226 1458 1374 1499 incitare,
1397 1457 1461 1502 et')
1482 1458 1524 1490 de

208 1511 304 1544 rebus
322 1511 460 1553 placatis
479 1522 517 1543 ac
540 1510 673 1542 minime
699 1510 893 1542 turbulentis
921 1510 1054 1542 docendi
1082 1521 1187 1551 causa,
1212 1521 1279 1542 non
1305 1511 1451 1553 capiendi
1476 1511 1522 1544 lo-

209 1566 352 1607 quuntur
368 1590 373 1596 .
390 1590 396 1596 .
412 1590 418 1596 .
435 1590 441 1596 .
457 1575 533 1606 ergo
554 1564 593 1596 ab
613 1563 676 1596 hoc
694 1575 810 1606 genere
829 1575 893 1595 non
915 1563 1046 1596 difficile
1065 1566 1115 1595 est
1133 1563 1218 1596 hanc
1237 1564 1464 1608 eloquentiam,
1482 1565 1524 1598 de

210 1630 273 1660 qua
291 1629 378 1650 nunc
398 1618 515 1660 agitur,
535 1618 716 1649 secernere“
736 1615 816 1659 (Cic.
832 1617 884 1650 Or.
900 1616 967 1658 63).

299 1679 414 1721 Neque
433 1679 567 1712 dubium
587 1681 650 1721 est,
674 1680 752 1721 quin
772 1690 809 1711 eo
833 1679 969 1711 consilio
989 1679 1230 1721 Theophrastus
1253 1679 1523 1722 philosophorum

211 1745 389 1766 sermonem
406 1733 445 1764 ab
467 1736 630 1765 oratorum
651 1733 791 1765 dictione
809 1733 991 1774 removerit,
1006 1734 1043 1764 ut
1056 1733 1140 1774 illos,
1155 1733 1211 1774 qui
1229 1733 1419 1775 prudentiae
1437 1743 1523 1767 oom-

211 1790 303 1829 potes
318 1787 417 1818 nullis
436 1787 616 1828 praeceptis
636 1788 776 1829 egerent,
796 1786 836 1818 ab
852 1797 947 1828 opere
963 1797 1020 1818 suo
1039 1786 1136 1828 longe
1155 1786 1333 1818 dimitteret
1346 1789 1380 1818 et
1393 1797 1523 1819 onmem

212 1840 462 1882 disputationem
482 1839 557 1882 περὶ
577 1839 693 1878 λέξεως
708 1840 741 1871 in
761 1839 902 1872 oratoria
921 1840 1093 1871 collocaret
1113 1838 1301 1871 elocutione.
1330 1839 1376 1872 Ut
1390 1839 1524 1872 Herme-

212 1904 316 1936 goras,
332 1893 387 1935 qui
401 1892 491 1931 λέξιν
506 1893 571 1924 fere
590 1893 742 1935 neglexit,
762 1893 900 1935 speciem
921 1891 1144 1934 philosophiae
1159 1892 1348 1933 assequitur,
1362 1893 1408 1924 ita
1421 1892 1526 1926 Theo·

212 1947 364 1988 phrastus
384 1946 459 1978 dum
480 1947 608 1989 singula
628 1946 744 1985 λέξεως
762 1948 934 1988 praecepta
952 1945 1104 1987 explicat,
1129 1945 1162 1977 in
1181 1945 1261 1988 ipsis
1280 1948 1427 1978 versatur
1444 1946 1526 1979 artis

213 2000 390 2032 rhetoricae
410 1999 639 2041 penetralibus.
667 1999 761 2032 Unde
779 2000 850 2031 laus
869 1999 926 2031 illa
946 1998 1110 2031 Ciceronis
1129 2001 1200 2030 orta
1219 2001 1280 2030 est:
1298 1999 1527 2041 „Peripatetici

306 2121 330 2152 1)
350 2118 410 2145 Hoc
435 2119 497 2145 loco
525 2119 642 2153 Madvig
670 2119 782 2145 addidit
802 2119 884 2152 ‘qui',
904 2118 1022 2145 eandem
1050 2126 1146 2144 vocem
1174 2119 1239 2152 post
1259 2118 1331 2144 ‘sed’
1353 2118 1526 2154 Heerdegen.

216 2159 288 2191 Quia
308 2159 412 2185 ‘dictus
431 2159 486 2185 est’
507 2159 593 2185 etiam
619 2159 655 2185 ad
674 2159 769 2193 priora
796 2158 911 2185 nomina
938 2158 1078 2192 pertinere
1097 2158 1195 2190 debet,
1219 2158 1363 2192 Madvigio
1389 2157 1530 2186 assentior

216 2199 245 2225 in
260 2208 298 2231 re,
313 2199 348 2226 de
363 2207 429 2226 voce
444 2207 499 2225 non
520 2200 637 2225 constat.
668 2199 730 2225 Non
750 2198 840 2225 solum
859 2199 894 2225 de
913 2198 1031 2225 relativo
1050 2198 1223 2232 pronomine,
1243 2199 1292 2225 sed
1311 2199 1398 2225 etiam
1412 2198 1448 2226 de
1461 2206 1527 2226 eon-

216 2239 324 2266 cessivs.
342 2239 545 2273 compositione
564 2239 651 2270 <velut
671 2239 760 2273 ‘etsi’)
780 2239 905 2274 cogit-are
925 2238 999 2265 licet.

307 2281 334 2313 2)
356 2279 396 2305 ‘et
415 2279 460 2305 de'
482 2279 595 2313 scripsit
613 2279 785 2313 Heerdegen.
816 2279 870 2305 Sed
889 2278 977 2305 codex
991 2278 1021 2311 L,
1041 2286 1096 2311 quo
1115 2278 1216 2304 nititur
1234 2278 1304 2305 haec
1322 2286 1394 2312 pars,
1413 2277 1529 2304 exhibet

218 2318 306 2351 ‘fide'‚
326 2319 355 2345 id
375 2321 418 2346 est
439 2318 473 2345 ‘si
494 2319 550 2351 de’,
570 2327 642 2352 quae
662 2319 746 2346 lectio
765 2319 835 2345 mihi
855 2327 919 2345 vera
938 2318 1049 2345 videtur
1066 2327 1134 2345 esse.
