1566 2592
223 107 267 139 58
816 107 908 143 Caput
921 108 954 135 V.

225 190 321 222 modo
341 189 419 222 haec
434 190 522 233 legas
537 189 617 222 VIII
632 190 664 231 2,
678 190 735 222 22:
754 190 877 232 „Nobis
898 191 1003 232 prima
1018 191 1060 222 sit
1079 191 1182 223 virtus
1202 191 1452 234 perspicuitatis,
1470 202 1544 235 pro—

225 244 296 285 pria
320 243 430 284 verba,
459 246 565 275 rectus
590 244 682 285 ordo,
710 255 776 276 non
799 244 833 276 in
857 244 991 286 longum
1016 244 1116 276 dilata
1136 245 1314 286 conclusio,
1338 245 1421 277 nihil
1439 256 1543 288 neque

224 297 309 329 desit
328 308 432 338 neque
451 297 655 339 superfluat.“
683 297 828 335 Quorum
848 300 991 330 extrema
1009 298 1108 330 verba
1126 298 1166 330 ad
1189 299 1450 331 coniunctionem
1474 309 1544 341 per-

224 350 328 382 tinere
347 350 517 394 apparet.¹)
546 350 686 383 Maxime
705 354 811 383 autem
834 350 913 383 VIII
928 351 958 392 3,
974 351 1028 383 15:
1047 351 1111 393 „Et
1130 352 1282 394 quoniam
1303 352 1459 384 orationis
1477 355 1544 385 tam

226 406 361 436 ornatus
381 415 478 446 quam
497 405 710 446 perspicuitas
730 407 787 437 aut
804 405 838 436 in
858 404 994 447 singulis
1011 405 1117 437 verbis
1136 407 1186 437 est
1200 407 1257 438 aut
1271 406 1306 437 in
1319 405 1470 447 pluribus
1487 416 1544 448 po-

226 459 319 499 situs,
339 458 416 499 quid
437 460 593 500 separata,
612 458 689 499 quid
709 458 819 490 iuncta
838 458 979 500 exigant,
999 458 1266 491 consideremus.“

318 511 442 543 Ornatu
457 512 659 554 singulorum
675 511 847 544 verborum
867 512 1027 553 descripto
1048 511 1128 543 VIII
1143 512 1174 553 3,
1190 512 1320 544 16—39
1342 513 1414 545 inde
1429 524 1448 544 a
1466 514 1486 553 ἓ
1499 513 1545 546 40

227 566 268 598 ad
291 566 449 597 rationem
475 565 632 597 sermonis
658 565 821 597 coniuncti
846 565 971 597 transit.
1000 564 1090 598 Haec
1114 565 1253 607 amplior
1276 568 1325 598 est
1348 577 1445 608 quam
1468 566 1546 598 61:511-

227 623 324 657 θεσις
342 619 473 661 proprie
492 618 586 660 dicta,
605 630 678 650 cum
699 630 810 651 omnes
830 622 944 660 tropos
963 621 996 651 et
1009 619 1130 662 figuras
1145 619 1404 661 comprehendat.
1433 618 1546 662 Sequi-

228 675 283 705 tur
302 673 463 710 σύνθεσις
482 673 564 714 ipsa,
584 683 666 714 quae
685 684 724 704 ex
744 672 909 714 membris,
929 673 1052 714 incisis,
1071 673 1212 714 periodis
1231 673 1445 714 componItnr.
1473 673 1547 706 Etsi

229 727 377 768 pluribus
401 725 509 758 verbis
533 726 722 767 explicatam
749 728 782 757 et
808 726 901 767 copia
926 728 1172 768 praeceptorum
1198 737 1393 769 magnopere
1416 729 1546 760 auctam

229 780 341 813 eodem
369 782 477 812 tamen
499 780 572 812 loeo
601 780 869 820 compositionem
894 779 1045 811 tractavit
1075 781 1172 821 atque
1197 779 1309 812 Cicero
1334 780 1368 812 in
1392 779 1478 813 libro
1497 779 1546 813 III

229 833 278 865 De
298 832 362 875 Or.‚
381 833 440 865 sub
461 834 581 865 virtute
601 836 742 866 ornatus.

319 887 447 929 Restat,
475 889 512 919 ut
541 887 578 919 de
604 887 688 919 libro
709 887 737 919 X
765 887 918 919 dicamus.
951 886 1171 924 Quintilianus
1197 887 1371 919 affirmavit
1398 890 1548 920 ornatum

229 941 368 973 oratoris
379 941 543 983 propriam
555 951 622 972 esse
632 941 842 982 provinciam,
849 951 912 982 qua
922 940 1026 972 omnis
1037 941 1104 972 eius
1114 941 1184 973 laus
1194 941 1354 973 niteretur
1363 939 1458 983 (VIII
1467 939 1548 984 3‚1).

230 995 383 1037 Magnam
404 994 518 1026 deinde
537 994 664 1036 copiam
683 996 930 1036 praeceptorum
949 995 1108 1036 exposuit,
1130 1005 1169 1026 ex
1189 994 1308 1036 quibus
1327 996 1440 1026 ornata
1458 994 1550 1028 fieret

231 1048 345 1080 oratio.
379 1048 428 1080 Ea
446 1049 547 1091 igitur
566 1048 606 1080 ad
626 1048 768 1090 τέχνην
786 1048 958 1090 pertinent.
987 1047 1050 1080 Sed
1069 1050 1105 1079 ut
1124 1050 1193 1079 erat
1207 1047 1326 1080 Fabius
1344 1047 1499 1091 magister
1517 1049 1551 1080 et

230 1102 325 1143 quasi
343 1102 565 1144 paedagogus,
588 1102 683 1133 etiam
705 1102 846 1143 ἄσκησιν
865 1101 978 1133 docere
997 1100 1114 1142 voluit,
1139 1102 1207 1134 sine
1227 1112 1290 1142 qua
1308 1100 1392 1134 nihil
1410 1103 1550 1143 prosunt

232 1158 410 1198 praecepta.
440 1155 528 1193 Quae
548 1155 675 1187 assidue
694 1155 899 1187 exercitando
919 1157 985 1186 tam
1010 1155 1136 1187 facilem
1162 1166 1256 1187 usum
1281 1154 1399 1187 habere
1422 1154 1551 1196 debent,

231 1212 269 1241 ut
297 1209 465 1242 occasione
494 1209 567 1240 data
596 1209 682 1241 ultro
711 1220 745 1241 se
774 1209 911 1240 offerant
939 1208 1066 1241 dicenti.
1103 1208 1212 1241 Etiam
1241 1208 1551 1251 progymnasmatici

231 1263 316 1296 hanc
334 1263 522 1295 facultatem
542 1262 657 1295 docere
674 1262 846 1295 studebant
860 1264 892 1294 et
907 1263 1016 1294 omnia
1029 1262 1096 1294 fere
1109 1262 1186 1294 libri
1200 1262 1316 1294 decimi
1331 1262 1437 1304 capita
1451 1262 1549 1295 etiam

233 1317 266 1348 in
289 1317 420 1349 illorum
445 1317 574 1358 scriptis
598 1315 844 1359 inveniuntur.³)
875 1315 1094 1354 Quintilianus
1118 1327 1194 1348 sane
1217 1316 1362 1357 uberius,
1385 1316 1462 1358 quia
1484 1326 1551 1349 non

232 1370 401 1412 discipulis
420 1370 525 1405 solum
546 1370 600 1403 sed
620 1371 696 1402 viris
716 1370 814 1402 etiam
834 1370 960 1402 dicendi
980 1368 1167 1412 studiosis³)
1193 1381 1268 1402 suos
1289 1369 1393 1401 libros
1411 1369 1550 1412 scripsit.

233 1423 339 1456 Nemo
359 1425 445 1456 enim
466 1426 587 1464 orator,
616 1435 655 1455 ne
680 1435 824 1455 summus
849 1423 993 1465 quidem,
1021 1423 1251 1456 exercitatione
1276 1425 1431 1465 perpetua
1456 1433 1551 1466 egere

233 1480 341 1520 potest
361 1477 406 1520 (X
423 1478 452 1519 7,
467 1478 486 1509 8
502 1480 534 1509 et
549 1478 616 1519 24).

323 1531 378 1563 Fit
391 1531 551 1563 eiusmodi
566 1531 752 1563 exercitatio
768 1531 909 1573 primum
925 1531 1055 1573 quidem
1069 1531 1206 1573 legendo
1222 1529 1447 1574 (ἀνάγνωσις),
1464 1529 1551 1572 quod

234 1596 291 1627 per
310 1586 397 1617 varia
416 1585 597 1617 litterarum
617 1595 734 1628 genere
755 1584 872 1617 Fabius
892 1585 1099 1626 persequitur
1119 1584 1172 1627 (X,
1189 1583 1231 1626 1).
1260 1584 1413 1627 Legimus
1434 1586 1552 1625 autem,

234 1641 271 1671 ut
290 1639 461 1670 imitemur.
490 1638 604 1680 Itaque
623 1637 698 1681 περὶ
718 1640 884 1680 μιμήσεως
905 1639 975 1681 agit
998 1637 1052 1681 (X,
1067 1637 1111 1681 2).
1140 1638 1254 1670 Altera
1276 1637 1445 1679 ἀσκήσεως
1467 1637 1551 1670 ratio

234 1695 283 1725 est
303 1694 337 1724 in
356 1692 539 1734 scribendo,
558 1703 660 1734 ‘quem
684 1693 795 1724 stilum
819 1692 962 1734 appellat
987 1691 1045 1735 (X,
1060 1692 1104 1735 3).
1133 1691 1309 1733 Postquam
1329 1691 1552 1733 scripserimus

235 1746 368 1787 aliquid,
388 1746 621 1778 emendandum
642 1746 738 1777 nobis
758 1745 821 1778 hoc
840 1748 889 1778 est
907 1745 960 1789 (X,
975 1747 1020 1788 4).
1051 1745 1176 1778 Genera
1190 1747 1296 1777 autem
1312 1743 1553 1777 exercitationis

235 1800 395 1832 scribendi
420 1800 643 1842 (μετάφρασιν
661 1800 832 1841 praecipue
851 1802 884 1832 et
903 1799 1030 1842 θέσεις)
1052 1799 1144 1831 docet
1163 1799 1268 1840 capite
1287 1798 1317 1830 5.
1354 1796 1423 1830 Nec
1446 1797 1552 1829 solum

235 1853 338 1886 oculis
362 1855 482 1896 legere,
507 1853 647 1885 seribere
671 1853 746 1885 stilo
771 1853 850 1884 utile
874 1855 936 1894 est,
960 1853 1016 1884 sed
1039 1852 1135 1884 etiam
1159 1852 1230 1894 ipsa
1255 1851 1371 1884 mentis
1395 1850 1551 1894 cogitatio

235 1907 422 1939 facultatem
447 1907 506 1938 alit
529 1907 655 1938 dicendi
675 1906 733 1949 (Χ,
748 1905 791 1948 6).
823 1906 1031 1938 Exercitandi
1055 1906 1129 1937 finis
1153 1907 1202 1937 est
1225 1915 1320 1947 posse
1344 1915 1383 1936 ex
1406 1908 1552 1946 tempore

327 2010 352 2042 1)
372 2007 478 2034 Eadem
497 2007 606 2034 ratione
626 2007 734 2040 vitium,
754 2007 830 2040 quod
849 2007 947 2033 virtuti
966 2006 1178 2041 perspicuitatis
1198 2006 1358 2041 opponitur,
1377 2005 1487 2033 seilicet
1503 2004 1552 2032 ob-

235 2049 365 2080 scuritas,
384 2048 542 2083 explicatur
560 2048 590 2074 in
610 2047 701 2075 verbis
721 2047 840 2082 singulis
859 2047 933 2082 (VIII
948 2050 973 2080 2,
989 2047 1041 2079 12),
1061 2045 1164 2073 deinde
1183 2045 1266 2072 dicit:
1292 2045 1376 2078 „Plus
1395 2047 1491 2072 tamen
1509 2045 1554 2071 est

236 2089 418 2116 obscuritatis
437 2088 465 2115 in
485 2092 613 2116 contextu
632 2090 660 2115 et
678 2088 885 2115 continuatione
905 2086 1056 2114 sermonis‘¹
1076 2088 1113 2121 (2,
1129 2088 1180 2120 14).

326 2131 353 2162 2)
373 2128 562 2155 Conferendus
582 2129 670 2164 igitur
689 2128 735 2154 hic
754 2128 826 2154 liber
845 2128 931 2155 etiam
951 2136 1014 2154 cum
1033 2127 1077 2159 iis,
1096 2134 1169 2160 quae
1189 2125 1285 2153 Cicero
1305 2125 1436 2160 exposuit
1454 2124 1496 2152 De
1506 2123 1552 2152 01¹.

236 2170 257 2202 Ι,
274 2172 324 2196 149
335 2179 395 2204 sqq.
416 2171 518 2203 („nunc
538 2169 572 2196 de
591 2169 654 2203 ipsa
672 2169 874 2200 exercitatione,
893 2167 962 2202 quid
982 2166 1097 2198 sentiae,
1116 2166 1315 2200 quaerimus-0).

327 2211 354 2244 3)
374 2209 415 2237 Cf.
431 2209 453 2236 X
471 2213 494 2242 1,
509 2213 538 2236 4:
559 2209 667 2243 „Igitur
685 2217 758 2242 eum,
777 2208 827 2242 qui
841 2217 884 2235 res
899 2207 1023 2234 invenire
1039 2208 1067 2233 et
1081 2206 1230 2241 disponere
1245 2206 1323 2239 sciet,
1342 2205 1427 2232 verba
1441 2212 1554 2239 quoquo

237 2251 266 2276 et
283 2249 408 2284 eligendi
427 2251 455 2276 et
474 2249 639 2276 conlocandi
659 2249 797 2276 rationem
816 2247 982 2282 perceperit,
1000 2247 1181 2278 instruamus,
1201 2254 1258 2280 qua
1277 2246 1395 2277 ratione,
1415 2244 1490 2279 quod
1510 2243 1554 2271 di-

237 2290 347 2323 dicerit,
366 2290 460 2317 faeere
479 2298 564 2323 quam
583 2290 699 2324 optime,
718 2297 803 2323 quam
822 2287 958 2315 facillime
977 2287 1092 2321 possim*
