1566 2592
511 107 552 135 De
570 107 660 134 initiis
678 106 815 133 virtutum
834 106 953 132 dicendi.
1348 103 1388 135 31

86 193 196 224 abesse
219 203 238 223 a
261 190 373 223 medio.
402 190 532 223 Scilicet
555 188 640 220 idem
664 188 782 220 accidit
805 187 838 219 in
862 186 1053 219 elocutionis
1077 187 1210 226 virtute,
1233 185 1333 227 quod,
1355 187 1393 216 ut

87 245 264 278 ethicarum
283 244 437 276 virtutum
457 242 639 283 exemplum
660 241 805 282 afferam,
826 241 859 272 in
877 241 1010 272 lenitate
1033 238 1202 282 (πραότης)
1224 241 1257 270 et
1275 239 1308 270 in
1328 250 1393 270 am-

87 298 209 330 bitione
232 295 431 339 (φιλοτιμία)
456 295 545 339 (Eth.
562 295 630 326 Nic.
652 294 733 326 Δ10
742 292 848 336 etll).
879 293 961 331 Quia
979 293 1133 333 medium,
1152 293 1186 324 in
1205 303 1269 334 quo
1288 292 1393 323 virtus

87 352 194 394 posita
212 353 273 392 est,
296 350 425 382 nomine
445 351 544 390 caret,
567 348 692 390 vulgari
712 347 850 388 quodam
869 346 998 378 nomine
1018 345 1212 387 philosopho
1238 345 1392 377 utendum

87 407 148 446 est,
175 404 261 446 quod
288 403 397 435 addita
425 402 688 443 interpretatione
717 400 756 432 ad
785 411 878 432 suum
905 410 999 431 usum
1027 399 1267 431 accommodare
1291 398 1393 429 debet.

90 458 160 490 Οὐκ
179 456 230 489 ἐπὶ
249 457 286 488 τὸ
305 456 385 488 αὐτὸ
405 455 455 487 ἀεὶ
474 455 620 497 φέρομεν
637 455 698 487 τὸν
716 454 908 495 φιλότιμον,
935 451 1005 484 ἀλλ’
1029 452 1242 489 ἐπαινοῦντες
1261 449 1323 493 μὲν
1342 451 1393 483 ἐπὶ

88 511 124 543 τὸ
147 513 272 551 μᾶλλον
295 509 315 550 ἢ
339 510 371 541 οἱ
395 510 527 550 πολλοί,
550 507 707 549 ψέγοντες
726 506 755 539 δ’
779 506 831 538 ἐπὶ
851 506 887 538 τὸ
907 508 1033 546 μᾶλλον
1052 505 1072 546 ἢ
1092 506 1145 537 δεῖ
1167 529 1264 537 .....
1283 504 1394 536 ’Έοικε

88 564 126 596 δὲ
148 561 236 595 τοῦτ’
264 560 350 595 εἶναι
374 562 427 594 καὶ
450 562 525 603 περὶ
548 562 605 599 τὰς
628 561 730 598 ἄλλας
753 559 877 602 ἀρετάς.
908 558 1126 591 Ἀντικεῐσθαι
1149 556 1181 589 δ’
1204 557 1338 589 ἐνταῦθ’
1363 558 1393 588 οἱ

89 618 184 658 ἄκροι
199 618 375 658 φαίνονται
395 615 459 647 διὰ
477 615 518 646 τὸ
538 615 585 656 μὴ
606 613 838 655 ὠνομάσθαι
856 613 925 644 τὸν
942 611 1062 654 μέσον
1077 611 1130 654 (cf.
1148 610 1331 652 1127a11).
1360 610 1395 641 Si

88 670 189 713 igitur
211 670 245 701 in
268 669 448 701 defim'enda
471 667 586 706 λέξεως
608 667 729 699 virtute
756 665 1018 708 perspicuitatem
1041 664 1188 706 pluribus
1212 664 1319 696 verbis
1344 675 1395 695 ex-

88 723 199 765 plicat,
222 725 260 754 ut
278 722 418 754 medium
436 722 543 753 locum
563 732 632 752 eam
656 720 800 752 obtinere
824 719 1033 761 demonstret,
1057 730 1123 751 non
1145 717 1315 758 habemus,
1339 728 1396 749 cur

88 777 196 818 plures
215 775 344 807 virtutis
357 775 545 815 partitiones
563 774 632 805 fieri
651 771 879 815 arbitremur.¹)

178 828 228 860 Ne
247 839 322 860 vero
344 828 381 860 de
400 827 639 870 perspicuitatis
658 827 782 858 ratione
801 826 999 866 dubitemus,
1021 836 1081 856 nos
1104 824 1256 856 admonet
1274 824 1398 856 Aristo-

90 883 163 915 telis
182 882 264 914 liber
283 882 321 914 de
340 883 408 914 arte
427 881 566 923 poetica,
589 891 652 922 quo
673 879 788 918 λέξεως
807 878 905 921 ἀρετή
928 879 1036 910 eadem
1060 878 1184 909 ratione
1208 877 1399 909 describitur

91 935 135 979 (p.
152 934 333 978 14581217).
361 934 509 976 ,,Λέξεως
524 932 560 966 δὲ
575 933 672 975 ἀρετὴ
688 938 777 974 σαφῆ
792 932 846 964 καὶ
861 933 904 974 μὴ
919 933 1077 972 ταπεινὴν
1092 928 1190 963 εἶναι·
1210 931 1397 973 σαφεστάτη

91 987 153 1031 μὲν
171 986 234 1021 οὖν
253 988 343 1020 ἐστιν
361 988 380 1029 ἡ
401 987 436 1019 ἐκ
454 993 522 1019 τῶν
539 989 666 1027 κυρίων
686 986 868 1028 ὀνομάτων,
888 986 970 1018 ἀλλὰ
989 986 1126 1026 ταπεινή
1145 1009 1152 1016 .
1168 1010 1174 1016 .
1190 1010 1196 1016 .
1212 1009 1219 1016 .
1239 986 1342 1026 σεμνή
1361 983 1399 1016 δὲ

91 1042 145 1074 καὶ
169 1041 409 1080 ἑξαλλάττουσα
431 1041 467 1072 τὸ
492 1041 661 1072 ἰδιωτικὸν
687 1040 706 1080 ἡ
730 1045 800 1076 τοῖς
823 1038 962 1076 ξενικοῖς
985 1038 1166 1080 κεχρημένη
1188 1062 1215 1069 ..
1231 1062 1238 1070 .
1262 1038 1313 1069 δεῖ
1335 1037 1399 1079 ἄρα

92 1095 276 1137 κεκρᾶσθαί
291 1105 360 1132 πως
379 1094 523 1131 τούτοις·
547 1094 584 1125 τὸ
607 1093 669 1134 μὲν
691 1093 754 1134 γὰρ
778 1093 822 1134 μὴ
848 1092 1016 1123 ἰδιωτικὸν
1039 1093 1168 1132 ποιήσει
1188 1089 1271 1133 μηδὲ
1290 1101 1399 1122 ταπει-

92 1149 153 1180 νόν
171 1173 198 1179 ..
217 1174 222 1181 .
242 1149 278 1180 τὸ
299 1145 336 1179 δὲ
355 1148 473 1189 κύριον
491 1147 553 1188 τὴν
571 1147 788 1188 σαφήνειαν.“
816 1145 890 1177 Una
909 1145 1006 1176 etiam
1026 1145 1059 1176 in
1082 1145 1188 1186 priore
1196 1143 1222 1183 ²)
1241 1144 1326 1176 libro
1350 1146 1399 1175 est

92 1193 282 1234 elocutionis
301 1200 418 1242 virtus,
440 1201 515 1231 talis
535 1199 657 1232 scilicet
675 1199 900 1241 perspicuitas,
922 1209 1002 1240 quae
1021 1198 1236 1229 humilitatem
1258 1197 1399 1240 effugiat.

91 1254 255 1286 Posterius
269 1256 376 1286 autem
387 1264 467 1295 opus
480 1253 675 1285 rhetoricum
690 1264 757 1284 rem
773 1252 951 1284 accuratius
967 1252 1118 1293 explicat:
1133 1251 1220 1292 quod
1234 1251 1400 1282 indefinite

92 1308 210 1340 dicitur
223 1307 257 1339 in
270 1307 410 1339 Poeticis
428 1308 613 1348 κεκρᾶσθαί
629 1317 712 1346 πως,
731 1306 763 1337 in
779 1305 963 1337 Rhetoricis
983 1305 1150 1346 proprium
1164 1304 1240 1345 περὶ
1258 1304 1400 1345 πρέπον-

92 1373 148 1398 τος
166 1362 262 1402 caput
281 1360 401 1392 factum
420 1362 476 1402 est,
494 1371 568 1391 nam
587 1358 714 1401 πρέπον
734 1359 834 1398 docet,
853 1358 1013 1399 quomodo
1028 1358 1084 1390 illa
1098 1358 1258 1390 contraria
1275 1357 1400 1389 misceri

93 1413 236 1446 debeant.
270 1412 350 1445 Cum
370 1415 475 1445 autem
495 1414 529 1445 in
551 1412 694 1444 Poeticis
716 1412 806 1444 nulla
832 1412 1050 1444 controversia
1075 1411 1114 1443 de
1139 1412 1258 1443 virtute
1284 1410 1401 1449 λέξεως

93 1466 278 1508 reperiatur,
297 1467 332 1498 in
349 1466 531 1498 Rhetoricis
550 1477 647 1497 unam
666 1466 819 1497 virtutem
839 1466 952 1496 contra
970 1475 1024 1496 eos
1044 1464 1196 1506 defendit,
1215 1465 1271 1505 qui
1291 1464 1400 1505 plures

94 1531 147 1551 eas
166 1520 311 1551 fecerunt
329 1519 436 1562 (Rhet.
451 1518 499 1551 III
512 1531 542 1560 p.
559 1519 744 1560 1414a19):
779 1519 822 1550 Τὸ
843 1519 880 1550 δὲ
902 1518 1196 1559 προσδιαιρεῖσθαι
1219 1518 1281 1558 τὴν
1303 1517 1400 1558 λέξιν,

95 1573 145 1605 ὅτι
173 1573 288 1614 ἡδεῖαν
316 1574 367 1604 δεῖ
392 1573 446 1604 καὶ
471 1575 718 1614 μεγαλοπρεπῆ,
746 1574 934 1613 περίεργον·
1049 1572 1086 1603 τὸ
1113 1569 1149 1603 δὲ
1174 1571 1290 1612 ἡδεῖαν
1316 1567 1401 1602 εἶναι

94 1627 223 1667 ποιήσει
242 1626 345 1667 δῆλον
363 1626 413 1658 ὅτι
432 1627 470 1657 τὰ
485 1625 650 1667 εἰρημένα,
669 1626 760 1667 εἴπερ
775 1625 887 1667 ὀρθῶς
903 1625 1038 1665 ὥρισται
1053 1625 1072 1666 ἡ
1088 1624 1186 1665 ἀρετὴ
1201 1629 1258 1665 τῆς
1276 1623 1400 1662 λέξεως.

100 1681 198 1717 Τίνος
216 1680 278 1720 γὰρ
298 1679 393 1711 ἕνεκα
412 1680 463 1711 δεῖ
481 1684 570 1720 σαφῆ
590 1679 644 1710 καὶ
662 1679 705 1719 μὴ
729 1679 888 1719 ταπεινὴν
911 1676 997 1710 εἶναι
1020 1678 1104 1710 ἀλλὰ
1126 1677 1334 1719 πρέπουσαν;
1358 1678 1403 1709 ἄν

97 1744 131 1765 τε
150 1734 212 1774 γὰρ
227 1732 398 1775 ἀδολεσχῇ,
417 1733 457 1764 οὐ
472 1733 589 1774 σαφής,
609 1732 688 1764 οὐδὲ
707 1731 750 1763 ἂν
768 1732 944 1773 σύντομος·
964 1731 1046 1763 ἀλλὰ
1062 1732 1165 1772 δῆλον
1180 1730 1231 1762 ὅτι
1245 1731 1282 1762 τὸ
1300 1730 1402 1772 μέσον

96 1785 256 1827 ἁρμόττει.
283 1786 338 1817 καὶ
352 1786 388 1817 τὸ
404 1786 519 1827 ἡδεῖαν
533 1786 572 1817 τὰ
587 1785 741 1826 εἰρημένα
760 1786 900 1826 ποιήσει,
921 1784 962 1816 ἂν
978 1782 1014 1816 εὖ
1029 1787 1143 1826 μιχθῇ,
1158 1785 1195 1816 τὸ
1212 1785 1334 1821 εἰωθὸς
1347 1784 1402 1815 καὶ

96 1838 233 1879 ξενικόν,
252 1838 306 1870 καὶ
326 1838 344 1870 ὁ
364 1839 503 1880 ῥυθμός,
522 1837 576 1871 καὶ
599 1839 637 1870 τὸ
657 1840 805 1870 πιθανὸν
824 1837 860 1870 ἐκ
878 1843 937 1870 τοῦ
957 1840 1149 1880 πρέποντος.

186 1915 211 1947 1)
230 1913 321 1939 Unam
340 1913 375 1939 ab
390 1913 540 1939 Aristotele
560 1913 647 1939 statui
662 1913 794 1939 virtutem
809 1912 973 1939 elocutionis
988 1913 1063 1939 recte
1078 1911 1187 1938 monuit
1199 1911 1401 1938 Hendrickson.

97 1954 130 1979 A.
143 1952 168 1979 J.
182 1953 232 1980 Ph.
247 1953 331 1985 XXV,
350 1962 377 1987 p.
394 1955 452 1984 133,
468 1956 492 1979 2,

186 1993 212 2026 2)
232 1993 283 2019 Ars
301 1992 416 2020 Poetica
436 1993 513 2027 prior
536 1994 579 2019 est
598 1993 687 2019 tribus
705 1992 785 2019 libris
809 1992 969 2025 rhetoricis,
992 1992 1041 2026 qui
1065 2000 1147 2026 saepe
1171 1991 1249 2018 illam
1274 1991 1402 2018 afferunt.

99 2031 204 2064 Quodsi
222 2033 314 2058 autem
333 2034 564 2059 commemoratur
578 2033 654 2059 Poet.
671 2036 703 2059 19
723 2042 749 2066 p.
767 2035 911 2059 1456a35:
931 2032 965 2058 τὰ
984 2031 1035 2066 μὲν
1050 2031 1101 2059 οὖν
1119 2032 1183 2064 περὶ
1201 2031 1252 2065 τὴν
1272 2030 1403 2058 διάνοιαν

101 2072 131 2098 ἐν
145 2076 204 2102 τοῖς
217 2072 279 2104 περὶ
293 2070 440 2106 ὁητορικῆς
458 2071 571 2106 κείσθω,
590 2077 671 2099 τοῦτο
687 2072 739 2107 γὰρ
756 2072 829 2099 ἴδιον
844 2074 946 2106 μᾶλλον
964 2072 1072 2106 ἐκείνης
1085 2075 1134 2105 τῆς
1149 2071 1283 2105 μεθόδου,
1298 2071 1404 2097 collata

100 2119 133 2138 ea
156 2111 272 2144 ratione,
297 2120 352 2145 qua
371 2120 404 2138 ex
421 2112 501 2138 libris
520 2113 577 2138 iam
597 2114 681 2139 antea
701 2112 785 2139 editis
805 2112 876 2139 solet
895 2112 1002 2146 aliquid
1018 2112 1124 2143 afferre,
1143 2111 1291 2145 intelleges
1311 2110 1403 2136 rheto-

99 2151 158 2178 rica
181 2153 241 2177 tum
264 2151 387 2177 nondum
411 2152 487 2178 edita
510 2152 610 2184 fuisse,
639 2153 687 2179 sed
708 2153 766 2179 iam
786 2152 934 2179 consilium
957 2152 1023 2178 libri
1047 2151 1187 2178 scribendi
1211 2159 1270 2178 esse
1293 2150 1402 2176 initum.

100 2191 160 2217 Hoc
179 2199 228 2224 per
247 2199 276 2217 se
294 2191 351 2217 veri
370 2191 460 2218 simile
479 2193 529 2224 est,
549 2201 611 2218 cum
625 2192 740 2219 Poetica
756 2194 784 2218 et
799 2192 949 2218 Rhetorica
964 2192 1036 2218 alter
1050 2191 1121 2218 liber
1140 2191 1259 2217 alterum
1275 2190 1405 2217 debuerit

100 2231 237 2296 οοιὲἑὺᾶιιζ
260 2230 337 2303 Εῐςςὶο)
349 2231 474 2264 sequitur
487 2232 519 2257 ut
529 2231 609 2258 Rhet.
622 2235 734 2258 1372a1
749 2240 804 2258 non
821 2232 857 2258 sit
872 2232 1021 2258 delendum
1033 2231 1147 2265 (Christ:
1162 2231 1208 2257 Gr.
1219 2231 1284 2256 Litt.
1296 2233 1320 2256 4.
1332 2229 1403 2256 Aufl.

101 2279 128 2304 p⁴
239 2279 294 2296 nm.
341 2291 345 2296 .
