<?xml version="1.0" encoding="UTF-8"?>
<!DOCTYPE html PUBLIC "-//W3C//DTD XHTML 1.0 Transitional//EN"
    "http://www.w3.org/TR/xhtml1/DTD/xhtml1-transitional.dtd">
<html xmlns="http://www.w3.org/1999/xhtml" xml:lang="en" lang="en">
 <head>
  <title>
</title>
<meta http-equiv="Content-Type" content="text/html;charset=utf-8" />
  <meta name='ocr-system' content='tesseract 3.04.00' />
  <meta name='ocr-capabilities' content='ocr_page ocr_carea ocr_par ocr_line ocrx_word'/>
</head>
<body>
  <div class='ocr_page' id='page_1' title='image "./detheophrastivir00strouoft_0029.png"; bbox 0 0 1566 2592; ppageno 0'>
   <div class='ocr_carea' id='block_1_1' title="bbox 477 109 1395 143">
    <p class='ocr_par' dir='ltr' id='par_1_1' title="bbox 477 109 1395 143">
     <span class='ocr_line' id='line_1_1' title="bbox 477 109 1395 143; baseline 0 -8"><span class='ocrx_word' id='word_1_1' title='bbox 477 109 518 135; x_wconf 87' lang='lat' dir='ltr'><strong>De</strong></span> <span class='ocrx_word' id='word_1_2' title='bbox 537 109 723 143; x_wconf 74' lang='lat' dir='ltr'><strong>Theophrasti</strong></span> <span class='ocrx_word' id='word_1_3' title='bbox 741 109 851 136; x_wconf 80' lang='lat' dir='ltr'><strong>ratione</strong></span> <span class='ocrx_word' id='word_1_4' title='bbox 870 109 1012 135; x_wconf 85' lang='lat' dir='ltr'><strong>virtutum.</strong></span> <span class='ocrx_word' id='word_1_5' title='bbox 1355 110 1395 141; x_wconf 86' lang='lat'><strong>19</strong></span> 
     </span>
    </p>
   </div>
   <div class='ocr_carea' id='block_1_2' title="bbox 91 190 1398 446">
    <p class='ocr_par' dir='ltr' id='par_1_2' title="bbox 91 190 1398 276">
     <span class='ocr_line' id='line_1_2' title="bbox 91 190 1398 233; baseline 0.001 -11"><span class='ocrx_word' id='word_1_6' title='bbox 91 192 265 233; x_wconf 85' lang='lat' dir='ltr'><strong>patiamur,</strong></span> <span class='ocrx_word' id='word_1_7' title='bbox 288 190 474 233; x_wconf 84' lang='lat' dir='ltr'><strong>priusquam</strong></span> <span class='ocrx_word' id='word_1_8' title='bbox 494 190 648 222; x_wconf 87' lang='lat' dir='ltr'><strong>iudicium</strong></span> <span class='ocrx_word' id='word_1_9' title='bbox 667 192 813 221; x_wconf 88' lang='lat' dir='ltr'><strong>nostrum</strong></span> <span class='ocrx_word' id='word_1_10' title='bbox 834 190 866 221; x_wconf 88' lang='lat' dir='ltr'><strong>in</strong></span> <span class='ocrx_word' id='word_1_11' title='bbox 886 190 1034 222; x_wconf 87' lang='lat' dir='ltr'><strong>universa</strong></span> <span class='ocrx_word' id='word_1_12' title='bbox 1054 190 1121 222; x_wconf 90' lang='lat' dir='ltr'><strong>eius</strong></span> <span class='ocrx_word' id='word_1_13' title='bbox 1141 191 1270 222; x_wconf 87' lang='lat' dir='ltr'><strong>virtutis</strong></span> <span class='ocrx_word' id='word_1_14' title='bbox 1290 191 1398 223; x_wconf 88' lang='lat' dir='ltr'><strong>indole</strong></span> 
     </span>
     <span class='ocr_line' id='line_1_3' title="bbox 92 244 339 276; baseline 0 0"><span class='ocrx_word' id='word_1_15' title='bbox 92 244 271 276; x_wconf 86' lang='lat' dir='ltr'><strong>stabilitum</strong></span> <span class='ocrx_word' id='word_1_16' title='bbox 290 245 339 276; x_wconf 87' lang='lat' dir='ltr'><strong>sit.</strong></span> 
     </span>
    </p>

    <p class='ocr_par' dir='ltr' id='par_1_3' title="bbox 92 296 1398 446">
     <span class='ocr_line' id='line_1_4' title="bbox 135 296 1397 339; baseline 0.003 -13"><span class='ocrx_word' id='word_1_17' title='bbox 135 323 137 326; x_wconf 91' lang='lat'>.</span> <span class='ocrx_word' id='word_1_18' title='bbox 182 297 368 339; x_wconf 72' lang='lat' dir='ltr'>Opportune</span> <span class='ocrx_word' id='word_1_19' title='bbox 394 298 499 328; x_wconf 87' lang='lat' dir='ltr'><strong>autem</strong></span> <span class='ocrx_word' id='word_1_20' title='bbox 526 296 654 338; x_wconf 80' lang='lat' dir='ltr'><strong>accidit,</strong></span> <span class='ocrx_word' id='word_1_21' title='bbox 683 296 768 338; x_wconf 87' lang='lat' dir='ltr'><strong>quod</strong></span> <span class='ocrx_word' id='word_1_22' title='bbox 796 298 922 338; x_wconf 87' lang='lat' dir='ltr'><strong>praeter</strong></span> <span class='ocrx_word' id='word_1_23' title='bbox 947 307 984 328; x_wconf 90' lang='lat' dir='ltr'><strong>ea</strong></span> <span class='ocrx_word' id='word_1_24' title='bbox 1011 296 1191 339; x_wconf 86' lang='lat' dir='ltr'><strong>fragmenta</strong></span> <span class='ocrx_word' id='word_1_25' title='bbox 1218 297 1294 329; x_wconf 86' lang='lat' dir='ltr'>libri</span> <span class='ocrx_word' id='word_1_26' title='bbox 1321 297 1397 339; x_wconf 81' lang='grc' dir='ltr'><em>περὶ</em></span> 
     </span>
     <span class='ocr_line' id='line_1_5' title="bbox 93 349 1397 392; baseline 0.001 -10"><span class='ocrx_word' id='word_1_27' title='bbox 93 350 216 392; x_wconf 78' lang='grc' dir='ltr'><em>λέξεως,</em></span> <span class='ocrx_word' id='word_1_28' title='bbox 232 350 347 392; x_wconf 88' lang='lat' dir='ltr'><strong>quibus</strong></span> <span class='ocrx_word' id='word_1_29' title='bbox 358 349 396 380; x_wconf 89' lang='lat' dir='ltr'><strong>de</strong></span> <span class='ocrx_word' id='word_1_30' title='bbox 411 349 546 392; x_wconf 83' lang='lat' dir='ltr'><strong>singulis</strong></span> <span class='ocrx_word' id='word_1_31' title='bbox 557 349 749 390; x_wconf 85' lang='lat' dir='ltr'><strong>quibusdam</strong></span> <span class='ocrx_word' id='word_1_32' title='bbox 765 349 925 381; x_wconf 85' lang='lat' dir='ltr'><strong>ornandae</strong></span> <span class='ocrx_word' id='word_1_33' title='bbox 940 349 1090 381; x_wconf 84' lang='lat' dir='ltr'><strong>dictionis</strong></span> <span class='ocrx_word' id='word_1_34' title='bbox 1105 351 1285 392; x_wconf 76' lang='lat' dir='ltr'><strong>praeceptis</strong></span> <span class='ocrx_word' id='word_1_35' title='bbox 1295 351 1397 383; x_wconf 88' lang='lat' dir='ltr'><strong>Theo-</strong></span> 
     </span>
     <span class='ocr_line' id='line_1_6' title="bbox 92 402 1398 446; baseline 0 -10"><span class='ocrx_word' id='word_1_36' title='bbox 92 404 217 446; x_wconf 82' lang='lat' dir='ltr'><strong>phrasti</strong></span> <span class='ocrx_word' id='word_1_37' title='bbox 237 402 386 434; x_wconf 78' lang='lat' dir='ltr'><strong>certiores</strong></span> <span class='ocrx_word' id='word_1_38' title='bbox 405 403 509 443; x_wconf 88' lang='lat' dir='ltr'><strong>fimus,</strong></span> <span class='ocrx_word' id='word_1_39' title='bbox 529 402 591 434; x_wconf 89' lang='lat' dir='ltr'><strong>duo</strong></span> <span class='ocrx_word' id='word_1_40' title='bbox 612 404 747 444; x_wconf 84' lang='lat' dir='ltr'><strong>exstant,</strong></span> <span class='ocrx_word' id='word_1_41' title='bbox 767 413 848 443; x_wconf 87' lang='lat' dir='ltr'><strong>quae</strong></span> <span class='ocrx_word' id='word_1_42' title='bbox 867 402 1053 434; x_wconf 76' lang='lat' dir='ltr'><strong>summatim</strong></span> <span class='ocrx_word' id='word_1_43' title='bbox 1072 414 1123 434; x_wconf 83' lang='lat' dir='ltr'><strong>res</strong></span> <span class='ocrx_word' id='word_1_44' title='bbox 1138 404 1177 435; x_wconf 91' lang='lat' dir='ltr'><strong>ab</strong></span> <span class='ocrx_word' id='word_1_45' title='bbox 1193 414 1230 436; x_wconf 89' lang='lat' dir='ltr'><strong>eo</strong></span> <span class='ocrx_word' id='word_1_46' title='bbox 1246 406 1398 436; x_wconf 81' lang='lat' dir='ltr'><strong>tractatas</strong></span> 
     </span>
    </p>
   </div>
   <div class='ocr_carea' id='block_1_3' title="bbox 92 455 1443 503">
    <p class='ocr_par' dir='ltr' id='par_1_4' title="bbox 92 455 1443 503">
     <span class='ocr_line' id='line_1_7' title="bbox 92 455 1443 503; baseline 0 -14"><span class='ocrx_word' id='word_1_47' title='bbox 92 456 371 498; x_wconf 87' lang='lat' dir='ltr'><strong>comprehendunt.</strong></span> <span class='ocrx_word' id='word_1_48' title='bbox 400 455 448 487; x_wconf 93' lang='lat' dir='ltr'><strong>De</strong></span> <span class='ocrx_word' id='word_1_49' title='bbox 468 458 599 497; x_wconf 82' lang='lat' dir='ltr'><strong>quartae</strong></span> <span class='ocrx_word' id='word_1_50' title='bbox 620 456 723 487; x_wconf 85' lang='lat' dir='ltr'><strong>laudis</strong></span> <span class='ocrx_word' id='word_1_51' title='bbox 743 455 899 488; x_wconf 81' lang='lat' dir='ltr'><strong>divisione</strong></span> <span class='ocrx_word' id='word_1_52' title='bbox 917 457 1041 497; x_wconf 88' lang='lat' dir='ltr'><strong>primus</strong></span> <span class='ocrx_word' id='word_1_53' title='bbox 1059 456 1235 488; x_wconf 86' lang='lat' dir='ltr'><strong>audiendus</strong></span> <span class='ocrx_word' id='word_1_54' title='bbox 1256 459 1303 489; x_wconf 85' lang='lat' dir='ltr'><strong>est</strong></span> <span class='ocrx_word' id='word_1_55' title='bbox 1322 457 1443 503; x_wconf 43' lang='lat' dir='ltr'><strong>Dio-gx</strong></span> 
     </span>
    </p>
   </div>
   <div class='ocr_carea' id='block_1_4' title="bbox 89 509 1399 1724">
    <p class='ocr_par' dir='ltr' id='par_1_5' title="bbox 89 509 1399 1084">
     <span class='ocr_line' id='line_1_8' title="bbox 90 509 1397 552; baseline 0 -10"><span class='ocrx_word' id='word_1_56' title='bbox 90 510 201 551; x_wconf 84' lang='lat' dir='ltr'><strong>nysius</strong></span> <span class='ocrx_word' id='word_1_57' title='bbox 215 509 504 541; x_wconf 84' lang='lat' dir='ltr'><strong>Halicarnasensis:</strong></span> <span class='ocrx_word' id='word_1_58' title='bbox 523 510 684 541; x_wconf 78' lang='grc' dir='ltr'><em>Καθόλου</em></span> <span class='ocrx_word' id='word_1_59' title='bbox 702 509 739 541; x_wconf 82' lang='grc' dir='ltr'><strong>δὲ</strong></span> <span class='ocrx_word' id='word_1_60' title='bbox 753 515 855 551; x_wconf 80' lang='grc' dir='ltr'><strong><em>τριῶν</em></strong></span> <span class='ocrx_word' id='word_1_61' title='bbox 870 510 988 550; x_wconf 80' lang='grc' dir='ltr'><em>ὄντων,</em></span> <span class='ocrx_word' id='word_1_62' title='bbox 1007 510 1052 547; x_wconf 82' lang='grc' dir='ltr'><strong>ὥς</strong></span> <span class='ocrx_word' id='word_1_63' title='bbox 1070 519 1152 551; x_wconf 84' lang='grc' dir='ltr'><em>φησι</em></span> <span class='ocrx_word' id='word_1_64' title='bbox 1174 511 1397 552; x_wconf 82' lang='grc' dir='ltr'><em>Θεόφραστος,</em></span> 
     </span>
     <span class='ocr_line' id='line_1_9' title="bbox 90 561 1398 605; baseline 0.001 -11"><span class='ocrx_word' id='word_1_65' title='bbox 90 562 123 602; x_wconf 81' lang='grc' dir='ltr'><strong>ἐξ</strong></span> <span class='ocrx_word' id='word_1_66' title='bbox 143 561 191 595; x_wconf 80' lang='grc' dir='ltr'><strong>ὧν</strong></span> <span class='ocrx_word' id='word_1_67' title='bbox 209 564 335 604; x_wconf 75' lang='grc' dir='ltr'><em>γίνεται</em></span> <span class='ocrx_word' id='word_1_68' title='bbox 353 563 390 594; x_wconf 82' lang='grc' dir='ltr'><strong>τὸ</strong></span> <span class='ocrx_word' id='word_1_69' title='bbox 410 562 492 603; x_wconf 77' lang='grc' dir='ltr'><em>μέγα</em></span> <span class='ocrx_word' id='word_1_70' title='bbox 511 561 566 594; x_wconf 87' lang='grc' dir='ltr'><strong>καὶ</strong></span> <span class='ocrx_word' id='word_1_71' title='bbox 586 563 708 604; x_wconf 89' lang='grc' dir='ltr'><em>σεμνὸν</em></span> <span class='ocrx_word' id='word_1_72' title='bbox 726 562 780 594; x_wconf 85' lang='grc' dir='ltr'><strong>καὶ</strong></span> <span class='ocrx_word' id='word_1_73' title='bbox 799 563 954 603; x_wconf 82' lang='grc' dir='ltr'><em>περιττὸν</em></span> <span class='ocrx_word' id='word_1_74' title='bbox 972 562 1009 595; x_wconf 81' lang='grc' dir='ltr'><strong>ἐν</strong></span> <span class='ocrx_word' id='word_1_75' title='bbox 1023 562 1118 604; x_wconf 79' lang='grc' dir='ltr'><em>λέξει,</em></span> <span class='ocrx_word' id='word_1_76' title='bbox 1137 568 1194 604; x_wconf 77' lang='grc' dir='ltr'><strong>τῆς</strong></span> <span class='ocrx_word' id='word_1_77' title='bbox 1208 575 1243 595; x_wconf 85' lang='grc' dir='ltr'><strong>τε</strong></span> <span class='ocrx_word' id='word_1_78' title='bbox 1259 563 1398 605; x_wconf 80' lang='grc' dir='ltr'><strong><em>ἐκλογῆς</em></strong></span> 
     </span>
     <span class='ocr_line' id='line_1_10' title="bbox 89 615 1399 658; baseline 0 -10"><span class='ocrx_word' id='word_1_79' title='bbox 89 622 157 648; x_wconf 80' lang='grc' dir='ltr'><strong>τῶν</strong></span> <span class='ocrx_word' id='word_1_80' title='bbox 179 617 352 658; x_wconf 78' lang='grc' dir='ltr'><em>ὀνομάτων</em></span> <span class='ocrx_word' id='word_1_81' title='bbox 374 617 428 648; x_wconf 78' lang='grc' dir='ltr'><strong>καὶ</strong></span> <span class='ocrx_word' id='word_1_82' title='bbox 451 621 509 658; x_wconf 79' lang='grc' dir='ltr'><strong>τῆς</strong></span> <span class='ocrx_word' id='word_1_83' title='bbox 532 615 568 648; x_wconf 85' lang='grc' dir='ltr'><strong>ἐκ</strong></span> <span class='ocrx_word' id='word_1_84' title='bbox 591 616 719 648; x_wconf 82' lang='grc' dir='ltr'><strong><em>τούτων</em></strong></span> <span class='ocrx_word' id='word_1_85' title='bbox 742 615 902 657; x_wconf 81' lang='grc' dir='ltr'><strong><em>ἁρμονίας</em></strong></span> <span class='ocrx_word' id='word_1_86' title='bbox 924 615 979 648; x_wconf 85' lang='grc' dir='ltr'><strong>καὶ</strong></span> <span class='ocrx_word' id='word_1_87' title='bbox 1001 622 1068 648; x_wconf 86' lang='grc' dir='ltr'><strong>τῶν</strong></span> <span class='ocrx_word' id='word_1_88' title='bbox 1085 618 1399 658; x_wconf 79' lang='grc' dir='ltr'><em>περιλαμβονόντων</em></span> 
     </span>
     <span class='ocr_line' id='line_1_11' title="bbox 90 668 1398 712; baseline 0 -10"><span class='ocrx_word' id='word_1_89' title='bbox 90 670 173 702; x_wconf 82' lang='grc' dir='ltr'><em>αὐτὰ</em></span> <span class='ocrx_word' id='word_1_90' title='bbox 202 669 376 711; x_wconf 80' lang='grc' dir='ltr'><em>σχημάτων</em></span> <span class='ocrx_word' id='word_1_91' title='bbox 403 671 470 701; x_wconf 80' lang='grc' dir='ltr'><strong><em>κτλ.</em></strong></span> <span class='ocrx_word' id='word_1_92' title='bbox 497 668 549 712; x_wconf 89' lang='lat' dir='ltr'><strong>(de</strong></span> <span class='ocrx_word' id='word_1_93' title='bbox 572 668 712 701; x_wconf 85' lang='lat' dir='ltr'><strong>Isocrate</strong></span> <span class='ocrx_word' id='word_1_94' title='bbox 736 680 760 701; x_wconf 92' lang='lat' dir='ltr'><strong>c.</strong></span> <span class='ocrx_word' id='word_1_95' title='bbox 776 670 797 701; x_wconf 86' lang='lat'><strong>3</strong></span> <span class='ocrx_word' id='word_1_96' title='bbox 817 670 886 701; x_wconf 84' lang='lat' dir='ltr'><strong>init.</strong></span> <span class='ocrx_word' id='word_1_97' title='bbox 904 681 933 711; x_wconf 89' lang='lat' dir='ltr'><strong>p.</strong></span> <span class='ocrx_word' id='word_1_98' title='bbox 949 669 1050 702; x_wconf 84' lang='lat' dir='ltr'>539R</span> <span class='ocrx_word' id='word_1_99' title='bbox 1073 669 1179 712; x_wconf 87' lang='lat' dir='ltr'><strong>Frgm.</strong></span> <span class='ocrx_word' id='word_1_100' title='bbox 1200 670 1230 701; x_wconf 91' lang='lat' dir='ltr'><strong>V</strong></span> <span class='ocrx_word' id='word_1_101' title='bbox 1250 669 1398 702; x_wconf 84' lang='lat' dir='ltr'><strong>Schmidt</strong></span> 
     </span>
     <span class='ocr_line' id='line_1_12' title="bbox 90 722 1397 766; baseline 0 -12"><span class='ocrx_word' id='word_1_102' title='bbox 90 734 120 764; x_wconf 90' lang='lat' dir='ltr'><strong>p.</strong></span> <span class='ocrx_word' id='word_1_103' title='bbox 136 723 156 754; x_wconf 89' lang='grc'>6</span> <span class='ocrx_word' id='word_1_104' title='bbox 175 722 309 765; x_wconf 88' lang='lat' dir='ltr'><strong>Mayer).</strong></span> <span class='ocrx_word' id='word_1_105' title='bbox 337 722 468 764; x_wconf 83' lang='lat' dir='ltr'><strong>Lysiam</strong></span> <span class='ocrx_word' id='word_1_106' title='bbox 487 723 583 764; x_wconf 87' lang='lat' dir='ltr'><strong>enim,</strong></span> <span class='ocrx_word' id='word_1_107' title='bbox 603 723 657 764; x_wconf 91' lang='lat' dir='ltr'><strong>qui</strong></span> <span class='ocrx_word' id='word_1_108' title='bbox 677 722 820 764; x_wconf 86' lang='lat' dir='ltr'><strong>loquitur</strong></span> <span class='ocrx_word' id='word_1_109' title='bbox 835 723 943 765; x_wconf 79' lang='grc' dir='ltr'><em>ὥσπερ</em></span> <span class='ocrx_word' id='word_1_110' title='bbox 959 723 1092 764; x_wconf 77' lang='grc' dir='ltr'><strong><em>ἰδιώτης</em></strong></span> <span class='ocrx_word' id='word_1_111' title='bbox 1107 725 1139 755; x_wconf 89' lang='lat' dir='ltr'><strong>et</strong></span> <span class='ocrx_word' id='word_1_112' title='bbox 1152 723 1292 766; x_wconf 83' lang='lat' dir='ltr'><strong>insignia</strong></span> <span class='ocrx_word' id='word_1_113' title='bbox 1306 735 1397 755; x_wconf 89' lang='lat' dir='ltr'><strong>orna-</strong></span> 
     </span>
     <span class='ocr_line' id='line_1_13' title="bbox 90 775 1399 819; baseline 0.001 -12"><span class='ocrx_word' id='word_1_114' title='bbox 90 778 199 808; x_wconf 87' lang='lat' dir='ltr'><strong>menta</strong></span> <span class='ocrx_word' id='word_1_115' title='bbox 222 775 398 807; x_wconf 88' lang='lat' dir='ltr'><strong>contemnit</strong></span> <span class='ocrx_word' id='word_1_116' title='bbox 421 776 542 817; x_wconf 88' lang='lat' dir='ltr'><strong>omnia,</strong></span> <span class='ocrx_word' id='word_1_117' title='bbox 565 776 742 817; x_wconf 88' lang='lat' dir='ltr'><strong>Dionysius</strong></span> <span class='ocrx_word' id='word_1_118' title='bbox 765 776 822 808; x_wconf 90' lang='lat' dir='ltr'><strong>illo</strong></span> <span class='ocrx_word' id='word_1_119' title='bbox 847 776 950 818; x_wconf 87' lang='lat' dir='ltr'><strong>capite</strong></span> <span class='ocrx_word' id='word_1_120' title='bbox 971 787 1044 808; x_wconf 91' lang='lat' dir='ltr'><strong>cum</strong></span> <span class='ocrx_word' id='word_1_121' title='bbox 1063 776 1204 809; x_wconf 88' lang='lat' dir='ltr'><strong>Isocrate</strong></span> <span class='ocrx_word' id='word_1_122' title='bbox 1223 779 1399 819; x_wconf 77' lang='lat' dir='ltr'><strong>comparat,</strong></span> 
     </span>
     <span class='ocr_line' id='line_1_14' title="bbox 91 829 1398 872; baseline 0.002 -12"><span class='ocrx_word' id='word_1_123' title='bbox 91 829 294 861; x_wconf 85' lang='lat' dir='ltr'><strong>ornatissimo</strong></span> <span class='ocrx_word' id='word_1_124' title='bbox 315 831 448 861; x_wconf 86' lang='lat' dir='ltr'><strong>oratore.</strong></span> <span class='ocrx_word' id='word_1_125' title='bbox 478 829 547 867; x_wconf 83' lang='lat' dir='ltr'><strong>Qua</strong></span> <span class='ocrx_word' id='word_1_126' title='bbox 565 829 600 861; x_wconf 92' lang='lat' dir='ltr'><strong>in</strong></span> <span class='ocrx_word' id='word_1_127' title='bbox 613 840 647 861; x_wconf 89' lang='lat' dir='ltr'><strong>re</strong></span> <span class='ocrx_word' id='word_1_128' title='bbox 662 829 920 871; x_wconf 80' lang='lat' dir='ltr'><strong>Theophrastum</strong></span> <span class='ocrx_word' id='word_1_129' title='bbox 940 830 1079 871; x_wconf 82' lang='lat' dir='ltr'><strong>adhibet,</strong></span> <span class='ocrx_word' id='word_1_130' title='bbox 1098 832 1134 861; x_wconf 78' lang='lat' dir='ltr'><strong>ut</strong></span> <span class='ocrx_word' id='word_1_131' title='bbox 1153 830 1259 872; x_wconf 88' lang='lat' dir='ltr'><strong>capita</strong></span> <span class='ocrx_word' id='word_1_132' title='bbox 1272 830 1398 871; x_wconf 81' lang='lat' dir='ltr'><strong>habeat,</strong></span> 
     </span>
     <span class='ocr_line' id='line_1_15' title="bbox 92 882 1398 925; baseline 0.002 -12"><span class='ocrx_word' id='word_1_133' title='bbox 92 882 210 924; x_wconf 86' lang='lat' dir='ltr'><strong>quibus</strong></span> <span class='ocrx_word' id='word_1_134' title='bbox 229 882 424 914; x_wconf 85' lang='lat' dir='ltr'><strong>differentias</strong></span> <span class='ocrx_word' id='word_1_135' title='bbox 442 882 601 924; x_wconf 83' lang='lat' dir='ltr'><strong>explicare</strong></span> <span class='ocrx_word' id='word_1_136' title='bbox 620 883 731 923; x_wconf 84' lang='lat' dir='ltr'><strong>possit.</strong></span> <span class='ocrx_word' id='word_1_137' title='bbox 759 882 872 923; x_wconf 88' lang='lat' dir='ltr'><strong>Itaque</strong></span> <span class='ocrx_word' id='word_1_138' title='bbox 885 882 990 923; x_wconf 85' lang='lat' dir='ltr'><strong>nobis,</strong></span> <span class='ocrx_word' id='word_1_139' title='bbox 1007 885 1045 915; x_wconf 89' lang='lat' dir='ltr'><strong>ut</strong></span> <span class='ocrx_word' id='word_1_140' title='bbox 1060 884 1116 925; x_wconf 87' lang='lat' dir='ltr'><strong>qui</strong></span> <span class='ocrx_word' id='word_1_141' title='bbox 1131 884 1169 915; x_wconf 91' lang='lat' dir='ltr'><strong>de</strong></span> <span class='ocrx_word' id='word_1_142' title='bbox 1183 883 1398 925; x_wconf 82' lang='lat' dir='ltr'><strong>Theophrasti</strong></span> 
     </span>
     <span class='ocr_line' id='line_1_16' title="bbox 90 935 1399 979; baseline 0.001 -12"><span class='ocrx_word' id='word_1_143' title='bbox 90 935 239 967; x_wconf 87' lang='lat' dir='ltr'><strong>laudibus</strong></span> <span class='ocrx_word' id='word_1_144' title='bbox 254 947 272 966; x_wconf 85' lang='lat' dir='ltr'><strong>a</strong></span> <span class='ocrx_word' id='word_1_145' title='bbox 285 935 435 968; x_wconf 86' lang='lat' dir='ltr'><strong>Cicerone</strong></span> <span class='ocrx_word' id='word_1_146' title='bbox 449 936 512 967; x_wconf 87' lang='lat' dir='ltr'><strong>iam</strong></span> <span class='ocrx_word' id='word_1_147' title='bbox 528 936 644 968; x_wconf 87' lang='lat' dir='ltr'><strong>eruditi</strong></span> <span class='ocrx_word' id='word_1_148' title='bbox 655 937 763 977; x_wconf 83' lang='lat' dir='ltr'><strong>simus,</strong></span> <span class='ocrx_word' id='word_1_149' title='bbox 775 936 908 968; x_wconf 86' lang='lat' dir='ltr'><strong>dubium</strong></span> <span class='ocrx_word' id='word_1_150' title='bbox 923 947 990 968; x_wconf 87' lang='lat' dir='ltr'><strong>esse</strong></span> <span class='ocrx_word' id='word_1_151' title='bbox 1005 937 1126 979; x_wconf 83' lang='lat' dir='ltr'><strong>nequit,</strong></span> <span class='ocrx_word' id='word_1_152' title='bbox 1136 937 1214 978; x_wconf 91' lang='lat' dir='ltr'><strong>quin</strong></span> <span class='ocrx_word' id='word_1_153' title='bbox 1230 937 1268 968; x_wconf 90' lang='lat' dir='ltr'><strong>de</strong></span> <span class='ocrx_word' id='word_1_154' title='bbox 1283 939 1399 978; x_wconf 85' lang='lat' dir='ltr'><strong>quarta</strong></span> 
     </span>
     <span class='ocr_line' id='line_1_17' title="bbox 90 988 1398 1031; baseline 0.002 -11"><span class='ocrx_word' id='word_1_155' title='bbox 90 988 184 1020; x_wconf 85' lang='lat' dir='ltr'><strong>laude</strong></span> <span class='ocrx_word' id='word_1_156' title='bbox 198 989 374 1030; x_wconf 87' lang='lat' dir='ltr'><strong>Dionysius</strong></span> <span class='ocrx_word' id='word_1_157' title='bbox 389 989 482 1020; x_wconf 89' lang='lat' dir='ltr'><strong>dicat.</strong></span> <span class='ocrx_word' id='word_1_158' title='bbox 514 988 675 1030; x_wconf 78' lang='lat' dir='ltr'><strong>Sequitur,</strong></span> <span class='ocrx_word' id='word_1_159' title='bbox 691 992 727 1021; x_wconf 89' lang='lat' dir='ltr'><strong>ut</strong></span> <span class='ocrx_word' id='word_1_160' title='bbox 742 989 983 1031; x_wconf 84' lang='lat' dir='ltr'><strong>Theophrastus</strong></span> <span class='ocrx_word' id='word_1_161' title='bbox 999 992 1147 1022; x_wconf 87' lang='lat' dir='ltr'><strong>ornatum</strong></span> <span class='ocrx_word' id='word_1_162' title='bbox 1162 991 1196 1022; x_wconf 93' lang='lat' dir='ltr'><strong>in</strong></span> <span class='ocrx_word' id='word_1_163' title='bbox 1210 992 1275 1022; x_wconf 87' lang='lat' dir='ltr'><strong>tres</strong></span> <span class='ocrx_word' id='word_1_164' title='bbox 1291 992 1398 1031; x_wconf 84' lang='lat' dir='ltr'><strong>partes</strong></span> 
     </span>
     <span class='ocr_line' id='line_1_18' title="bbox 92 1041 783 1084; baseline 0.001 -11"><span class='ocrx_word' id='word_1_165' title='bbox 92 1042 247 1074; x_wconf 84' lang='lat' dir='ltr'><strong>diviserit:</strong></span> <span class='ocrx_word' id='word_1_166' title='bbox 267 1041 415 1082; x_wconf 78' lang='grc' dir='ltr'><strong>ἐκλογήν,</strong></span> <span class='ocrx_word' id='word_1_167' title='bbox 435 1041 607 1083; x_wconf 77' lang='grc' dir='ltr'><em>ἁρμονίαν,</em></span> <span class='ocrx_word' id='word_1_168' title='bbox 627 1044 783 1084; x_wconf 81' lang='grc' dir='ltr'><em>σχήματα.</em></span> 
     </span>
    </p>

    <p class='ocr_par' dir='ltr' id='par_1_6' title="bbox 89 1094 1399 1724">
     <span class='ocr_line' id='line_1_19' title="bbox 179 1094 1397 1138; baseline 0.002 -12"><span class='ocrx_word' id='word_1_169' title='bbox 179 1094 425 1126; x_wconf 89' lang='lat' dir='ltr'><strong>Admonendum</strong></span> <span class='ocrx_word' id='word_1_170' title='bbox 441 1106 515 1127; x_wconf 90' lang='lat' dir='ltr'><strong>vero</strong></span> <span class='ocrx_word' id='word_1_171' title='bbox 531 1097 588 1136; x_wconf 84' lang='lat' dir='ltr'><strong>est,</strong></span> <span class='ocrx_word' id='word_1_172' title='bbox 606 1107 647 1127; x_wconf 91' lang='lat' dir='ltr'><strong>ne</strong></span> <span class='ocrx_word' id='word_1_173' title='bbox 662 1107 730 1127; x_wconf 90' lang='lat' dir='ltr'><strong>eam</strong></span> <span class='ocrx_word' id='word_1_174' title='bbox 750 1097 965 1138; x_wconf 84' lang='lat' dir='ltr'><strong>partitionem,</strong></span> <span class='ocrx_word' id='word_1_175' title='bbox 984 1107 1065 1137; x_wconf 87' lang='lat' dir='ltr'><strong>quae</strong></span> <span class='ocrx_word' id='word_1_176' title='bbox 1080 1097 1114 1128; x_wconf 90' lang='lat' dir='ltr'><strong>in</strong></span> <span class='ocrx_word' id='word_1_177' title='bbox 1128 1097 1253 1129; x_wconf 88' lang='lat' dir='ltr'><strong>delectu</strong></span> <span class='ocrx_word' id='word_1_178' title='bbox 1268 1099 1300 1128; x_wconf 88' lang='lat' dir='ltr'><strong>et</strong></span> <span class='ocrx_word' id='word_1_179' title='bbox 1314 1108 1397 1128; x_wconf 91' lang='lat' dir='ltr'><strong>com-</strong></span> 
     </span>
     <span class='ocr_line' id='line_1_20' title="bbox 90 1148 1398 1192; baseline 0.002 -13"><span class='ocrx_word' id='word_1_180' title='bbox 90 1148 247 1190; x_wconf 82' lang='lat' dir='ltr'><strong>positione</strong></span> <span class='ocrx_word' id='word_1_181' title='bbox 267 1148 437 1180; x_wconf 88' lang='lat' dir='ltr'><strong>verborum</strong></span> <span class='ocrx_word' id='word_1_182' title='bbox 456 1149 563 1190; x_wconf 87' lang='lat' dir='ltr'><strong>posita</strong></span> <span class='ocrx_word' id='word_1_183' title='bbox 582 1149 638 1191; x_wconf 82' lang='lat' dir='ltr'><strong>sit,</strong></span> <span class='ocrx_word' id='word_1_184' title='bbox 657 1150 757 1180; x_wconf 89' lang='lat' dir='ltr'><strong>totius</strong></span> <span class='ocrx_word' id='word_1_185' title='bbox 778 1149 891 1188; x_wconf 78' lang='grc' dir='ltr'><em>λέξεως</em></span> <span class='ocrx_word' id='word_1_186' title='bbox 909 1150 1115 1191; x_wconf 82' lang='lat' dir='ltr'><strong>partitionem</strong></span> <span class='ocrx_word' id='word_1_187' title='bbox 1136 1161 1204 1182; x_wconf 80' lang='lat' dir='ltr'><strong>esse</strong></span> <span class='ocrx_word' id='word_1_188' title='bbox 1224 1151 1398 1192; x_wconf 81' lang='lat' dir='ltr'><strong>credamus,</strong></span> 
     </span>
     <span class='ocr_line' id='line_1_21' title="bbox 91 1201 1398 1247; baseline 0.002 -15"><span class='ocrx_word' id='word_1_189' title='bbox 91 1202 166 1243; x_wconf 84' lang='lat' dir='ltr'><strong>quia</strong></span> <span class='ocrx_word' id='word_1_190' title='bbox 185 1201 376 1243; x_wconf 89' lang='lat' dir='ltr'><strong>Dionysium</strong></span> <span class='ocrx_word' id='word_1_191' title='bbox 400 1202 506 1243; x_wconf 89' lang='lat' dir='ltr'><strong>ipsum</strong></span> <span class='ocrx_word' id='word_1_192' title='bbox 527 1204 559 1234; x_wconf 88' lang='lat' dir='ltr'><strong>et</strong></span> <span class='ocrx_word' id='word_1_193' title='bbox 578 1202 657 1234; x_wconf 89' lang='lat' dir='ltr'><strong>alios</strong></span> <span class='ocrx_word' id='word_1_194' title='bbox 682 1205 824 1247; x_wconf 77' lang='lat' dir='ltr'><strong>recentes</strong></span> <span class='ocrx_word' id='word_1_195' title='bbox 843 1203 989 1235; x_wconf 84' lang='lat' dir='ltr'><strong>rhetores</strong></span> <span class='ocrx_word' id='word_1_196' title='bbox 1009 1215 1045 1235; x_wconf 87' lang='lat' dir='ltr'><strong>ea</strong></span> <span class='ocrx_word' id='word_1_197' title='bbox 1069 1204 1254 1245; x_wconf 85' lang='lat' dir='ltr'><strong>partitionis</strong></span> <span class='ocrx_word' id='word_1_198' title='bbox 1273 1204 1398 1236; x_wconf 88' lang='lat' dir='ltr'><strong>ratione</strong></span> 
     </span>
     <span class='ocr_line' id='line_1_22' title="bbox 90 1254 1399 1298; baseline 0.002 -12"><span class='ocrx_word' id='word_1_199' title='bbox 90 1266 166 1287; x_wconf 89' lang='lat' dir='ltr'><strong>usos</strong></span> <span class='ocrx_word' id='word_1_200' title='bbox 181 1265 248 1286; x_wconf 90' lang='lat' dir='ltr'><strong>esse</strong></span> <span class='ocrx_word' id='word_1_201' title='bbox 267 1255 419 1286; x_wconf 87' lang='lat' dir='ltr'><strong>videmus.</strong></span> <span class='ocrx_word' id='word_1_202' title='bbox 427 1254 452 1297; x_wconf 89' lang='lat'><strong>¹)</strong></span> <span class='ocrx_word' id='word_1_203' title='bbox 482 1255 544 1293; x_wconf 85' lang='lat' dir='ltr'><strong>Qui</strong></span> <span class='ocrx_word' id='word_1_204' title='bbox 563 1257 666 1287; x_wconf 86' lang='lat' dir='ltr'><strong>totam</strong></span> <span class='ocrx_word' id='word_1_205' title='bbox 686 1256 898 1288; x_wconf 80' lang='lat' dir='ltr'><strong>elocutionem</strong></span> <span class='ocrx_word' id='word_1_206' title='bbox 914 1257 948 1288; x_wconf 92' lang='lat' dir='ltr'><strong>in</strong></span> <span class='ocrx_word' id='word_1_207' title='bbox 967 1259 1121 1298; x_wconf 89' lang='lat' dir='ltr'><strong>quattuor</strong></span> <span class='ocrx_word' id='word_1_208' title='bbox 1139 1257 1270 1289; x_wconf 89' lang='lat' dir='ltr'><strong>laudum</strong></span> <span class='ocrx_word' id='word_1_209' title='bbox 1292 1257 1399 1298; x_wconf 87' lang='lat' dir='ltr'><strong>capita</strong></span> 
     </span>
     <span class='ocr_line' id='line_1_23' title="bbox 90 1308 1398 1352; baseline 0.002 -13"><span class='ocrx_word' id='word_1_210' title='bbox 90 1308 208 1349; x_wconf 85' lang='lat' dir='ltr'><strong>divisit,</strong></span> <span class='ocrx_word' id='word_1_211' title='bbox 222 1308 326 1340; x_wconf 86' lang='lat' dir='ltr'><strong>facere</strong></span> <span class='ocrx_word' id='word_1_212' title='bbox 339 1319 405 1340; x_wconf 90' lang='lat' dir='ltr'><strong>non</strong></span> <span class='ocrx_word' id='word_1_213' title='bbox 419 1310 535 1350; x_wconf 83' lang='lat' dir='ltr'><strong>potest,</strong></span> <span class='ocrx_word' id='word_1_214' title='bbox 551 1309 628 1350; x_wconf 90' lang='lat' dir='ltr'><strong>quin</strong></span> <span class='ocrx_word' id='word_1_215' title='bbox 648 1309 806 1341; x_wconf 88' lang='lat' dir='ltr'><strong>delectum</strong></span> <span class='ocrx_word' id='word_1_216' title='bbox 821 1311 853 1341; x_wconf 87' lang='lat' dir='ltr'><strong>et</strong></span> <span class='ocrx_word' id='word_1_217' title='bbox 867 1310 1132 1352; x_wconf 84' lang='lat' dir='ltr'><strong>compositionem</strong></span> <span class='ocrx_word' id='word_1_218' title='bbox 1148 1311 1317 1342; x_wconf 87' lang='lat' dir='ltr'><strong>verborum</strong></span> <span class='ocrx_word' id='word_1_219' title='bbox 1332 1310 1398 1342; x_wconf 88' lang='lat' dir='ltr'><strong>illis</strong></span> 
     </span>
     <span class='ocr_line' id='line_1_24' title="bbox 91 1361 1398 1406; baseline 0.002 -12"><span class='ocrx_word' id='word_1_220' title='bbox 91 1361 251 1403; x_wconf 85' lang='lat' dir='ltr'><strong>capitibus</strong></span> <span class='ocrx_word' id='word_1_221' title='bbox 279 1361 461 1404; x_wconf 87' lang='lat' dir='ltr'><strong>subiungat.</strong></span> <span class='ocrx_word' id='word_1_222' title='bbox 491 1362 603 1394; x_wconf 88' lang='lat' dir='ltr'><strong>Altera</strong></span> <span class='ocrx_word' id='word_1_223' title='bbox 622 1363 707 1394; x_wconf 87' lang='lat' dir='ltr'><strong>enim</strong></span> <span class='ocrx_word' id='word_1_224' title='bbox 731 1363 846 1395; x_wconf 85' lang='lat' dir='ltr'><strong>divisio</strong></span> <span class='ocrx_word' id='word_1_225' title='bbox 870 1364 962 1395; x_wconf 88' lang='lat' dir='ltr'><strong>alteri</strong></span> <span class='ocrx_word' id='word_1_226' title='bbox 990 1366 1075 1396; x_wconf 85' lang='lat' dir='ltr'><strong>certe</strong></span> <span class='ocrx_word' id='word_1_227' title='bbox 1103 1364 1288 1396; x_wconf 87' lang='lat' dir='ltr'><strong>subicienda</strong></span> <span class='ocrx_word' id='word_1_228' title='bbox 1308 1363 1398 1406; x_wconf 57' lang='lat' dir='ltr'><strong>ew&gt;</strong></span> 
     </span>
     <span class='ocr_line' id='line_1_25' title="bbox 89 1414 1398 1460; baseline 0.003 -14"><span class='ocrx_word' id='word_1_229' title='bbox 89 1414 238 1455; x_wconf 91' lang='lat' dir='ltr'><strong>Dionysii</strong></span> <span class='ocrx_word' id='word_1_230' title='bbox 256 1415 442 1447; x_wconf 85' lang='lat' dir='ltr'><strong>testimonio</strong></span> <span class='ocrx_word' id='word_1_231' title='bbox 461 1415 617 1456; x_wconf 88' lang='lat' dir='ltr'><strong>probatur</strong></span> <span class='ocrx_word' id='word_1_232' title='bbox 636 1416 895 1457; x_wconf 87' lang='lat' dir='ltr'><strong>Theophrastum</strong></span> <span class='ocrx_word' id='word_1_233' title='bbox 917 1419 1048 1449; x_wconf 88' lang='lat' dir='ltr'><strong>ornatus</strong></span> <span class='ocrx_word' id='word_1_234' title='bbox 1068 1417 1194 1450; x_wconf 88' lang='lat' dir='ltr'><strong>laudem</strong></span> <span class='ocrx_word' id='word_1_235' title='bbox 1213 1418 1326 1449; x_wconf 87' lang='lat' dir='ltr'><strong>fecisse</strong></span> <span class='ocrx_word' id='word_1_236' title='bbox 1346 1429 1398 1460; x_wconf 87' lang='lat' dir='ltr'><strong>ge-</strong></span> 
     </span>
     <span class='ocr_line' id='line_1_26' title="bbox 90 1468 1397 1513; baseline 0.003 -14"><span class='ocrx_word' id='word_1_237' title='bbox 90 1468 198 1499; x_wconf 88' lang='lat' dir='ltr'><strong>nerale</strong></span> <span class='ocrx_word' id='word_1_238' title='bbox 217 1470 322 1510; x_wconf 85' lang='lat' dir='ltr'><strong>caput,</strong></span> <span class='ocrx_word' id='word_1_239' title='bbox 341 1468 490 1509; x_wconf 77' lang='grc' dir='ltr'><strong>ἐκλογήν,</strong></span> <span class='ocrx_word' id='word_1_240' title='bbox 514 1468 678 1510; x_wconf 81' lang='grc' dir='ltr'><em>ἁρμονίαν</em></span> <span class='ocrx_word' id='word_1_241' title='bbox 698 1471 844 1511; x_wconf 81' lang='grc' dir='ltr'><em>σχήματα</em></span> <span class='ocrx_word' id='word_1_242' title='bbox 864 1472 971 1502; x_wconf 88' lang='lat' dir='ltr'><strong>autem</strong></span> <span class='ocrx_word' id='word_1_243' title='bbox 989 1473 1155 1512; x_wconf 87' lang='lat' dir='ltr'><strong>tamquam</strong></span> <span class='ocrx_word' id='word_1_244' title='bbox 1174 1474 1281 1513; x_wconf 86' lang='lat' dir='ltr'><strong>partes</strong></span> <span class='ocrx_word' id='word_1_245' title='bbox 1301 1472 1397 1503; x_wconf 84' lang='lat' dir='ltr'><strong>huius</strong></span> 
     </span>
     <span class='ocr_line' id='line_1_27' title="bbox 91 1521 1398 1565; baseline 0.004 -13"><span class='ocrx_word' id='word_1_246' title='bbox 91 1521 213 1562; x_wconf 87' lang='lat' dir='ltr'><strong>capitis.</strong></span> <span class='ocrx_word' id='word_1_247' title='bbox 239 1521 346 1562; x_wconf 87' lang='lat' dir='ltr'><strong>Atque</strong></span> <span class='ocrx_word' id='word_1_248' title='bbox 365 1522 502 1562; x_wconf 89' lang='lat' dir='ltr'><strong>primum</strong></span> <span class='ocrx_word' id='word_1_249' title='bbox 525 1522 652 1563; x_wconf 87' lang='lat' dir='ltr'><strong>quidem</strong></span> <span class='ocrx_word' id='word_1_250' title='bbox 672 1525 805 1564; x_wconf 88' lang='lat' dir='ltr'><strong>apparet</strong></span> <span class='ocrx_word' id='word_1_251' title='bbox 824 1523 920 1555; x_wconf 83' lang='lat' dir='ltr'><strong>talem</strong></span> <span class='ocrx_word' id='word_1_252' title='bbox 940 1524 1104 1565; x_wconf 82' lang='grc' dir='ltr'><em>ἁρμονίαν</em></span> <span class='ocrx_word' id='word_1_253' title='bbox 1121 1535 1188 1556; x_wconf 91' lang='lat' dir='ltr'><strong>non</strong></span> <span class='ocrx_word' id='word_1_254' title='bbox 1210 1525 1398 1556; x_wconf 84' lang='lat' dir='ltr'><strong>recentioris</strong></span> 
     </span>
     <span class='ocr_line' id='line_1_28' title="bbox 92 1573 1398 1620; baseline 0.003 -14"><span class='ocrx_word' id='word_1_255' title='bbox 92 1573 282 1612; x_wconf 79' lang='grc' dir='ltr'><em>συνθέσεως</em></span> <span class='ocrx_word' id='word_1_256' title='bbox 300 1575 424 1606; x_wconf 88' lang='lat' dir='ltr'><strong>ratione</strong></span> <span class='ocrx_word' id='word_1_257' title='bbox 444 1575 564 1616; x_wconf 87' lang='lat' dir='ltr'><strong>omnia,</strong></span> <span class='ocrx_word' id='word_1_258' title='bbox 584 1587 665 1617; x_wconf 91' lang='lat' dir='ltr'><strong>quae</strong></span> <span class='ocrx_word' id='word_1_259' title='bbox 685 1576 758 1607; x_wconf 88' lang='lat' dir='ltr'><strong>inde</strong></span> <span class='ocrx_word' id='word_1_260' title='bbox 777 1587 796 1608; x_wconf 87' lang='lat' dir='ltr'><strong>a</strong></span> <span class='ocrx_word' id='word_1_261' title='bbox 814 1577 931 1608; x_wconf 84' lang='lat' dir='ltr'><strong>litteris</strong></span> <span class='ocrx_word' id='word_1_262' title='bbox 951 1579 983 1609; x_wconf 85' lang='lat' dir='ltr'><strong>et</strong></span> <span class='ocrx_word' id='word_1_263' title='bbox 1007 1577 1139 1618; x_wconf 85' lang='lat' dir='ltr'><strong>syllabis</strong></span> <span class='ocrx_word' id='word_1_264' title='bbox 1163 1590 1264 1620; x_wconf 84' lang='lat' dir='ltr'><strong>usque</strong></span> <span class='ocrx_word' id='word_1_265' title='bbox 1283 1579 1323 1610; x_wconf 87' lang='lat' dir='ltr'><strong>ad</strong></span> <span class='ocrx_word' id='word_1_266' title='bbox 1341 1589 1398 1610; x_wconf 89' lang='lat' dir='ltr'><strong>nu-</strong></span> 
     </span>
     <span class='ocr_line' id='line_1_29' title="bbox 91 1629 1398 1673; baseline 0.004 -15"><span class='ocrx_word' id='word_1_267' title='bbox 91 1638 196 1659; x_wconf 85' lang='lat' dir='ltr'><strong>meros</strong></span> <span class='ocrx_word' id='word_1_268' title='bbox 215 1629 371 1659; x_wconf 84' lang='lat' dir='ltr'><strong>oratorios</strong></span> <span class='ocrx_word' id='word_1_269' title='bbox 385 1630 418 1660; x_wconf 87' lang='lat' dir='ltr'><strong>et</strong></span> <span class='ocrx_word' id='word_1_270' title='bbox 431 1629 579 1669; x_wconf 89' lang='lat' dir='ltr'><strong>periodos</strong></span> <span class='ocrx_word' id='word_1_271' title='bbox 594 1629 633 1660; x_wconf 90' lang='lat' dir='ltr'><strong>ad</strong></span> <span class='ocrx_word' id='word_1_272' title='bbox 648 1630 817 1661; x_wconf 84' lang='lat' dir='ltr'><strong>verborum</strong></span> <span class='ocrx_word' id='word_1_273' title='bbox 838 1630 1112 1663; x_wconf 86' lang='lat' dir='ltr'><strong>continuationem</strong></span> <span class='ocrx_word' id='word_1_274' title='bbox 1127 1632 1299 1673; x_wconf 85' lang='lat' dir='ltr'><strong>pertinent,</strong></span> <span class='ocrx_word' id='word_1_275' title='bbox 1314 1642 1398 1663; x_wconf 90' lang='lat' dir='ltr'><strong>com-</strong></span> 
     </span>
     <span class='ocr_line' id='line_1_30' title="bbox 90 1681 1398 1724; baseline 0.004 -12"><span class='ocrx_word' id='word_1_276' title='bbox 90 1681 197 1723; x_wconf 88' lang='lat' dir='ltr'><strong>plecti,</strong></span> <span class='ocrx_word' id='word_1_277' title='bbox 217 1681 272 1712; x_wconf 90' lang='lat' dir='ltr'><strong>sed</strong></span> <span class='ocrx_word' id='word_1_278' title='bbox 291 1683 477 1713; x_wconf 87' lang='lat' dir='ltr'><strong>ornamenta</strong></span> <span class='ocrx_word' id='word_1_279' title='bbox 495 1683 622 1714; x_wconf 85' lang='lat' dir='ltr'><strong>tantum</strong></span> <span class='ocrx_word' id='word_1_280' title='bbox 642 1683 893 1724; x_wconf 87' lang='lat' dir='ltr'><strong>compositionis.</strong></span> <span class='ocrx_word' id='word_1_281' title='bbox 923 1683 1015 1722; x_wconf 85' lang='lat' dir='ltr'><strong>Quod</strong></span> <span class='ocrx_word' id='word_1_282' title='bbox 1034 1685 1182 1716; x_wconf 84' lang='lat' dir='ltr'><strong>vocabuli</strong></span> <span class='ocrx_word' id='word_1_283' title='bbox 1197 1685 1295 1717; x_wconf 86' lang='lat' dir='ltr'><strong>etiam</strong></span> <span class='ocrx_word' id='word_1_284' title='bbox 1311 1685 1398 1716; x_wconf 84' lang='lat' dir='ltr'><strong>diffe-</strong></span> 
     </span>
    </p>
   </div>
   <div class='ocr_carea' id='block_1_5' title="bbox 90 1753 302 1756">
    <p class='ocr_par' dir='ltr' id='par_1_7' title="bbox 90 1753 302 1756">
     <span class='ocr_line' id='line_1_31' title="bbox 90 1753 302 1756; baseline 0 0"><span class='ocrx_word' id='word_1_285' title='bbox 90 1753 302 1756; x_wconf 95' lang='lat' dir='ltr'><strong> </strong></span> 
     </span>
    </p>
   </div>
   <div class='ocr_carea' id='block_1_6' title="bbox 90 1795 1399 2232">
    <p class='ocr_par' dir='ltr' id='par_1_8' title="bbox 181 1795 1313 1833">
     <span class='ocr_line' id='line_1_32' title="bbox 181 1795 1313 1833; baseline 0.004 -12"><span class='ocrx_word' id='word_1_286' title='bbox 181 1798 205 1829; x_wconf 72' lang='lat'><strong>1)-</strong></span> <span class='ocrx_word' id='word_1_287' title='bbox 226 1795 306 1828; x_wconf 84' lang='lat' dir='ltr'><strong>Vide,</strong></span> <span class='ocrx_word' id='word_1_288' title='bbox 325 1797 357 1822; x_wconf 89' lang='lat' dir='ltr'><strong>ut</strong></span> <span class='ocrx_word' id='word_1_289' title='bbox 375 1795 490 1822; x_wconf 82' lang='lat' dir='ltr'><strong>afferam</strong></span> <span class='ocrx_word' id='word_1_290' title='bbox 509 1797 675 1831; x_wconf 76' lang='lat' dir='ltr'><strong>exemplum,</strong></span> <span class='ocrx_word' id='word_1_291' title='bbox 694 1797 808 1831; x_wconf 88' lang='lat' dir='ltr'><strong>Dionys.</strong></span> <span class='ocrx_word' id='word_1_292' title='bbox 829 1798 861 1824; x_wconf 91' lang='lat' dir='ltr'><strong>H.</strong></span> <span class='ocrx_word' id='word_1_293' title='bbox 883 1798 917 1825; x_wconf 90' lang='lat' dir='ltr'><strong>de</strong></span> <span class='ocrx_word' id='word_1_294' title='bbox 937 1807 1026 1832; x_wconf 87' lang='lat' dir='ltr'><strong>comp.</strong></span> <span class='ocrx_word' id='word_1_295' title='bbox 1046 1799 1120 1825; x_wconf 87' lang='lat' dir='ltr'><strong>verb.</strong></span> <span class='ocrx_word' id='word_1_296' title='bbox 1140 1808 1162 1826; x_wconf 86' lang='lat' dir='ltr'><strong>c.</strong></span> <span class='ocrx_word' id='word_1_297' title='bbox 1181 1802 1193 1825; x_wconf 92' lang='lat' dir='ltr'>l</span> <span class='ocrx_word' id='word_1_298' title='bbox 1214 1809 1241 1833; x_wconf 86' lang='lat' dir='ltr'><strong>p.</strong></span> <span class='ocrx_word' id='word_1_299' title='bbox 1259 1800 1313 1825; x_wconf 80' lang='lat' dir='ltr'><strong>5R.</strong></span> 
     </span>
    </p>

    <p class='ocr_par' dir='ltr' id='par_1_9' title="bbox 90 1835 1399 2232">
     <span class='ocr_line' id='line_1_33' title="bbox 180 1835 1399 1873; baseline 0.004 -12"><span class='ocrx_word' id='word_1_300' title='bbox 180 1837 206 1868; x_wconf 79' lang='lat'><strong>2)</strong></span> <span class='ocrx_word' id='word_1_301' title='bbox 225 1835 324 1862; x_wconf 80' lang='lat' dir='ltr'><strong>Falsus</strong></span> <span class='ocrx_word' id='word_1_302' title='bbox 344 1837 399 1868; x_wconf 82' lang='lat' dir='ltr'><strong>est,</strong></span> <span class='ocrx_word' id='word_1_303' title='bbox 419 1836 516 1870; x_wconf 89' lang='lat' dir='ltr'><strong>quiin</strong></span> <span class='ocrx_word' id='word_1_304' title='bbox 540 1837 638 1863; x_wconf 85' lang='lat' dir='ltr'><strong>eodem</strong></span> <span class='ocrx_word' id='word_1_305' title='bbox 661 1837 733 1863; x_wconf 86' lang='lat' dir='ltr'><strong>libro</strong></span> <span class='ocrx_word' id='word_1_306' title='bbox 758 1838 822 1870; x_wconf 81' lang='grc' dir='ltr'><strong>περὶ</strong></span> <span class='ocrx_word' id='word_1_307' title='bbox 845 1837 941 1870; x_wconf 77' lang='grc' dir='ltr'><strong><em>λέξεως</em></strong></span> <span class='ocrx_word' id='word_1_308' title='bbox 964 1840 1049 1865; x_wconf 90' lang='lat' dir='ltr'><strong>antea</strong></span> <span class='ocrx_word' id='word_1_309' title='bbox 1072 1839 1188 1873; x_wconf 76' lang='grc' dir='ltr'><strong>ἐκλογήν</strong></span> <span class='ocrx_word' id='word_1_310' title='bbox 1212 1840 1240 1866; x_wconf 89' lang='lat' dir='ltr'><strong>et</strong></span> <span class='ocrx_word' id='word_1_311' title='bbox 1264 1839 1399 1866; x_wconf 73' lang='grc' dir='ltr'><em>σύνθεσιν</em></span> 
     </span>
     <span class='ocr_line' id='line_1_34' title="bbox 90 1876 1398 1914; baseline 0.004 -13"><span class='ocrx_word' id='word_1_312' title='bbox 90 1876 174 1910; x_wconf 83' lang='lat' dir='ltr'><strong>putat</strong></span> <span class='ocrx_word' id='word_1_313' title='bbox 191 1883 251 1902; x_wconf 85' lang='lat' dir='ltr'><strong>esse</strong></span> <span class='ocrx_word' id='word_1_314' title='bbox 269 1877 420 1908; x_wconf 75' lang='lat' dir='ltr'><strong>tractatas,</strong></span> <span class='ocrx_word' id='word_1_315' title='bbox 446 1878 546 1910; x_wconf 87' lang='lat' dir='ltr'><strong>postea</strong></span> <span class='ocrx_word' id='word_1_316' title='bbox 564 1885 628 1903; x_wconf 87' lang='lat' dir='ltr'><strong>vero</strong></span> <span class='ocrx_word' id='word_1_317' title='bbox 649 1877 764 1904; x_wconf 87' lang='lat' dir='ltr'><strong>virtutes</strong></span> <span class='ocrx_word' id='word_1_318' title='bbox 784 1877 963 1911; x_wconf 79' lang='lat' dir='ltr'><strong>elocutionis,</strong></span> <span class='ocrx_word' id='word_1_319' title='bbox 983 1879 1085 1912; x_wconf 88' lang='lat' dir='ltr'><strong>quibus</strong></span> <span class='ocrx_word' id='word_1_320' title='bbox 1109 1879 1206 1905; x_wconf 85' lang='lat' dir='ltr'><strong>eadem</strong></span> <span class='ocrx_word' id='word_1_321' title='bbox 1233 1880 1328 1914; x_wconf 87' lang='lat' dir='ltr'><strong>capita</strong></span> <span class='ocrx_word' id='word_1_322' title='bbox 1347 1879 1398 1905; x_wconf 85' lang='lat' dir='ltr'><strong>ite-</strong></span> 
     </span>
     <span class='ocr_line' id='line_1_35' title="bbox 91 1915 1398 1953; baseline 0.004 -12"><span class='ocrx_word' id='word_1_323' title='bbox 91 1923 153 1941; x_wconf 87' lang='lat' dir='ltr'><strong>rum</strong></span> <span class='ocrx_word' id='word_1_324' title='bbox 171 1915 296 1942; x_wconf 75' lang='lat' dir='ltr'><strong>subiecta</strong></span> <span class='ocrx_word' id='word_1_325' title='bbox 310 1915 372 1942; x_wconf 83' lang='lat' dir='ltr'><strong>sint.</strong></span> <span class='ocrx_word' id='word_1_326' title='bbox 404 1916 500 1942; x_wconf 86' lang='lat' dir='ltr'><strong>Altera</strong></span> <span class='ocrx_word' id='word_1_327' title='bbox 515 1917 589 1942; x_wconf 86' lang='lat' dir='ltr'><strong>enim</strong></span> <span class='ocrx_word' id='word_1_328' title='bbox 604 1917 698 1951; x_wconf 86' lang='lat' dir='ltr'><strong>capita</strong></span> <span class='ocrx_word' id='word_1_329' title='bbox 717 1917 868 1944; x_wconf 87' lang='lat' dir='ltr'><strong>alterorum</strong></span> <span class='ocrx_word' id='word_1_330' title='bbox 887 1920 1039 1952; x_wconf 86' lang='lat' dir='ltr'><strong>praecepta</strong></span> <span class='ocrx_word' id='word_1_331' title='bbox 1057 1921 1183 1953; x_wconf 85' lang='lat' dir='ltr'><strong>repetere</strong></span> <span class='ocrx_word' id='word_1_332' title='bbox 1203 1919 1316 1946; x_wconf 85' lang='lat' dir='ltr'><strong>debent.</strong></span> <span class='ocrx_word' id='word_1_333' title='bbox 1345 1919 1398 1946; x_wconf 78' lang='lat' dir='ltr'><strong>Re-</strong></span> 
     </span>
     <span class='ocr_line' id='line_1_36' title="bbox 91 1955 1396 1993; baseline 0.004 -12"><span class='ocrx_word' id='word_1_334' title='bbox 91 1962 157 1981; x_wconf 71' lang='lat' dir='ltr'><strong>vera</strong></span> <span class='ocrx_word' id='word_1_335' title='bbox 174 1955 275 1988; x_wconf 79' lang='lat' dir='ltr'><strong>omnia,</strong></span> <span class='ocrx_word' id='word_1_336' title='bbox 295 1964 366 1989; x_wconf 90' lang='lat' dir='ltr'><strong>quae</strong></span> <span class='ocrx_word' id='word_1_337' title='bbox 386 1956 515 1990; x_wconf 87' lang='lat' dir='ltr'><strong>Mayerus</strong></span> <span class='ocrx_word' id='word_1_338' title='bbox 534 1956 564 1983; x_wconf 90' lang='lat' dir='ltr'><strong>in</strong></span> <span class='ocrx_word' id='word_1_339' title='bbox 583 1965 654 1983; x_wconf 84' lang='lat' dir='ltr'><strong>nova</strong></span> <span class='ocrx_word' id='word_1_340' title='bbox 674 1958 796 1984; x_wconf 79' lang='lat' dir='ltr'><strong>editione</strong></span> <span class='ocrx_word' id='word_1_341' title='bbox 817 1958 931 1992; x_wconf 79' lang='grc' dir='ltr'><strong><em>ἐκλογῆς</em></strong></span> <span class='ocrx_word' id='word_1_342' title='bbox 949 1959 1062 1993; x_wconf 81' lang='lat' dir='ltr'><strong>proprio</strong></span> <span class='ocrx_word' id='word_1_343' title='bbox 1083 1959 1170 1993; x_wconf 82' lang='lat' dir='ltr'><strong>capiti</strong></span> <span class='ocrx_word' id='word_1_344' title='bbox 1189 1960 1278 1992; x_wconf 84' lang='lat' dir='ltr'><strong>dedit,</strong></span> <span class='ocrx_word' id='word_1_345' title='bbox 1299 1960 1334 1985; x_wconf 89' lang='lat' dir='ltr'><strong>ad</strong></span> <span class='ocrx_word' id='word_1_346' title='bbox 1355 1968 1396 1986; x_wconf 91' lang='lat' dir='ltr'><strong>or-</strong></span> 
     </span>
     <span class='ocr_line' id='line_1_37' title="bbox 92 1995 1398 2033; baseline 0.005 -13"><span class='ocrx_word' id='word_1_347' title='bbox 92 1995 190 2020; x_wconf 84' lang='lat' dir='ltr'><strong>natum</strong></span> <span class='ocrx_word' id='word_1_348' title='bbox 207 1995 349 2028; x_wconf 87' lang='lat' dir='ltr'><strong>pertinent</strong></span> <span class='ocrx_word' id='word_1_349' title='bbox 364 1996 472 2029; x_wconf 86' lang='lat' dir='ltr'><strong>(Mayer</strong></span> <span class='ocrx_word' id='word_1_350' title='bbox 489 2006 516 2030; x_wconf 87' lang='lat' dir='ltr'><strong>p.</strong></span> <span class='ocrx_word' id='word_1_351' title='bbox 532 1999 656 2030; x_wconf 78' lang='lat'>51—67).</span> <span class='ocrx_word' id='word_1_352' title='bbox 676 1998 700 2023; x_wconf 86' lang='lat' dir='ltr'>A</span> <span class='ocrx_word' id='word_1_353' title='bbox 715 1997 850 2031; x_wconf 87' lang='lat' dir='ltr'><strong>Dionysio</strong></span> <span class='ocrx_word' id='word_1_354' title='bbox 870 1998 1003 2033; x_wconf 84' lang='lat' dir='ltr'><strong>deceptus</strong></span> <span class='ocrx_word' id='word_1_355' title='bbox 1023 2001 1078 2032; x_wconf 57' lang='grc' dir='ltr'>θείας</span> <span class='ocrx_word' id='word_1_356' title='bbox 1098 2000 1147 2026; x_wconf 88' lang='lat' dir='ltr'><strong>sed</strong></span> <span class='ocrx_word' id='word_1_357' title='bbox 1162 2008 1197 2026; x_wconf 89' lang='lat' dir='ltr'><strong>ne</strong></span> <span class='ocrx_word' id='word_1_358' title='bbox 1216 2000 1264 2026; x_wconf 90' lang='lat' dir='ltr'><strong>ille</strong></span> <span class='ocrx_word' id='word_1_359' title='bbox 1284 2000 1398 2032; x_wconf 78' lang='lat' dir='ltr'><strong>quidem</strong></span> 
     </span>
     <span class='ocr_line' id='line_1_38' title="bbox 93 2033 1398 2074; baseline 0.004 -15"><span class='ocrx_word' id='word_1_360' title='bbox 93 2034 122 2060; x_wconf 91' lang='lat' dir='ltr'><strong>in</strong></span> <span class='ocrx_word' id='word_1_361' title='bbox 137 2033 171 2060; x_wconf 85' lang='lat' dir='ltr'><strong>iis</strong></span> <span class='ocrx_word' id='word_1_362' title='bbox 189 2034 310 2068; x_wconf 74' lang='lat' dir='ltr'><strong>iudiciis,</strong></span> <span class='ocrx_word' id='word_1_363' title='bbox 329 2044 402 2069; x_wconf 83' lang='lat' dir='ltr'><strong>quae</strong></span> <span class='ocrx_word' id='word_1_364' title='bbox 419 2036 570 2063; x_wconf 84' lang='lat' dir='ltr'><strong>virtutibus</strong></span> <span class='ocrx_word' id='word_1_365' title='bbox 590 2038 714 2069; x_wconf 86' lang='lat' dir='ltr'><strong>utuntur,</strong></span> <span class='ocrx_word' id='word_1_366' title='bbox 735 2038 821 2064; x_wconf 86' lang='lat' dir='ltr'><strong>etiam</strong></span> <span class='ocrx_word' id='word_1_367' title='bbox 840 2038 956 2072; x_wconf 75' lang='grc' dir='ltr'><strong>ἐκλογήν</strong></span> <span class='ocrx_word' id='word_1_368' title='bbox 971 2040 998 2065; x_wconf 83' lang='lat' dir='ltr'><strong>et</strong></span> <span class='ocrx_word' id='word_1_369' title='bbox 1013 2039 1146 2066; x_wconf 80' lang='grc' dir='ltr'><em>σύνθεσιν</em></span> <span class='ocrx_word' id='word_1_370' title='bbox 1164 2040 1316 2074; x_wconf 85' lang='lat' dir='ltr'><strong>separatim</strong></span> <span class='ocrx_word' id='word_1_371' title='bbox 1335 2048 1398 2073; x_wconf 89' lang='lat' dir='ltr'><strong>per-</strong></span> 
     </span>
     <span class='ocr_line' id='line_1_39' title="bbox 93 2074 1398 2114; baseline 0.004 -15"><span class='ocrx_word' id='word_1_372' title='bbox 93 2074 173 2107; x_wconf 88' lang='lat' dir='ltr'><strong>sequi</strong></span> <span class='ocrx_word' id='word_1_373' title='bbox 192 2074 276 2100; x_wconf 85' lang='lat' dir='ltr'><strong>audet</strong></span> <span class='ocrx_word' id='word_1_374' title='bbox 294 2075 338 2109; x_wconf 82' lang='lat' dir='ltr'><strong>(cf.</strong></span> <span class='ocrx_word' id='word_1_375' title='bbox 358 2075 464 2103; x_wconf 84' lang='lat' dir='ltr'><strong>iudicia</strong></span> <span class='ocrx_word' id='word_1_376' title='bbox 483 2076 517 2102; x_wconf 88' lang='lat' dir='ltr'><strong>de</strong></span> <span class='ocrx_word' id='word_1_377' title='bbox 536 2077 628 2110; x_wconf 81' lang='lat' dir='ltr'><strong>Lysia,</strong></span> <span class='ocrx_word' id='word_1_378' title='bbox 649 2077 683 2103; x_wconf 87' lang='lat' dir='ltr'><strong>de</strong></span> <span class='ocrx_word' id='word_1_379' title='bbox 701 2077 832 2110; x_wconf 78' lang='lat' dir='ltr'><strong>Isocrate,</strong></span> <span class='ocrx_word' id='word_1_380' title='bbox 852 2078 886 2104; x_wconf 87' lang='lat' dir='ltr'><strong>de</strong></span> <span class='ocrx_word' id='word_1_381' title='bbox 904 2079 1010 2112; x_wconf 73' lang='lat' dir='ltr'><strong>Isaeo),</strong></span> <span class='ocrx_word' id='word_1_382' title='bbox 1039 2079 1098 2106; x_wconf 91' lang='lat' dir='ltr'><strong>Hoc</strong></span> <span class='ocrx_word' id='word_1_383' title='bbox 1116 2080 1204 2114; x_wconf 86' lang='lat' dir='ltr'><strong>igitur</strong></span> <span class='ocrx_word' id='word_1_384' title='bbox 1228 2088 1283 2106; x_wconf 91' lang='lat' dir='ltr'><strong>non</strong></span> <span class='ocrx_word' id='word_1_385' title='bbox 1307 2079 1398 2106; x_wconf 84' lang='lat' dir='ltr'><strong>verius</strong></span> 
     </span>
     <span class='ocr_line' id='line_1_40' title="bbox 93 2114 1398 2153; baseline 0.004 -14"><span class='ocrx_word' id='word_1_386' title='bbox 93 2115 144 2146; x_wconf 79' lang='lat' dir='ltr'><strong>est,</strong></span> <span class='ocrx_word' id='word_1_387' title='bbox 164 2122 247 2147; x_wconf 87' lang='lat' dir='ltr'><strong>quam</strong></span> <span class='ocrx_word' id='word_1_388' title='bbox 265 2114 349 2147; x_wconf 81' lang='lat' dir='ltr'><strong>illud,</strong></span> <span class='ocrx_word' id='word_1_389' title='bbox 369 2116 444 2149; x_wconf 87' lang='lat' dir='ltr'><strong>quod</strong></span> <span class='ocrx_word' id='word_1_390' title='bbox 462 2116 592 2150; x_wconf 81' lang='lat' dir='ltr'><strong>Mayerus</strong></span> <span class='ocrx_word' id='word_1_391' title='bbox 611 2126 644 2143; x_wconf 83' lang='lat' dir='ltr'><strong>ex</strong></span> <span class='ocrx_word' id='word_1_392' title='bbox 663 2118 799 2144; x_wconf 85' lang='lat' dir='ltr'><strong>Demetrii</strong></span> <span class='ocrx_word' id='word_1_393' title='bbox 821 2118 894 2145; x_wconf 92' lang='lat' dir='ltr'><strong>libro</strong></span> <span class='ocrx_word' id='word_1_394' title='bbox 918 2120 981 2151; x_wconf 80' lang='grc' dir='ltr'><strong>περὶ</strong></span> <span class='ocrx_word' id='word_1_395' title='bbox 1004 2119 1151 2153; x_wconf 79' lang='grc' dir='ltr'><em>ἑρμηνείας</em></span> <span class='ocrx_word' id='word_1_396' title='bbox 1169 2120 1320 2153; x_wconf 84' lang='lat' dir='ltr'><strong>unicuique</strong></span> <span class='ocrx_word' id='word_1_397' title='bbox 1343 2119 1398 2146; x_wconf 85' lang='lat' dir='ltr'><strong>vir-</strong></span> 
     </span>
     <span class='ocr_line' id='line_1_41' title="bbox 92 2153 1396 2193; baseline 0.004 -14"><span class='ocrx_word' id='word_1_398' title='bbox 92 2153 148 2180; x_wconf 86' lang='lat' dir='ltr'><strong>tuti</strong></span> <span class='ocrx_word' id='word_1_399' title='bbox 167 2154 310 2188; x_wconf 87' lang='lat' dir='ltr'><strong>proprium</strong></span> <span class='ocrx_word' id='word_1_400' title='bbox 329 2156 414 2189; x_wconf 81' lang='lat' dir='ltr'><strong>caput</strong></span> <span class='ocrx_word' id='word_1_401' title='bbox 431 2156 580 2190; x_wconf 76' lang='grc' dir='ltr'><em>πράγματα</em></span> <span class='ocrx_word' id='word_1_402' title='bbox 599 2157 745 2191; x_wconf 85' lang='lat' dir='ltr'><strong>(Demetrii</strong></span> <span class='ocrx_word' id='word_1_403' title='bbox 765 2157 906 2190; x_wconf 80' lang='grc' dir='ltr'><strong>διάνοιαν)</strong></span> <span class='ocrx_word' id='word_1_404' title='bbox 933 2159 1061 2186; x_wconf 87' lang='lat' dir='ltr'><strong>subiecit.</strong></span> <span class='ocrx_word' id='word_1_405' title='bbox 1090 2159 1299 2193; x_wconf 85' lang='lat' dir='ltr'><strong>Theophrastus</strong></span> <span class='ocrx_word' id='word_1_406' title='bbox 1323 2159 1396 2185; x_wconf 85' lang='lat' dir='ltr'><strong>enirn</strong></span> 
     </span>
     <span class='ocr_line' id='line_1_42' title="bbox 93 2193 1397 2232; baseline 0.004 -13"><span class='ocrx_word' id='word_1_407' title='bbox 93 2193 206 2227; x_wconf 80' lang='lat' dir='ltr'><strong>scripsit</strong></span> <span class='ocrx_word' id='word_1_408' title='bbox 219 2194 284 2226; x_wconf 77' lang='grc' dir='ltr'><strong>περὶ</strong></span> <span class='ocrx_word' id='word_1_409' title='bbox 297 2193 399 2227; x_wconf 79' lang='grc' dir='ltr'><strong><em>λέξεως,</em></strong></span> <span class='ocrx_word' id='word_1_410' title='bbox 419 2195 577 2223; x_wconf 86' lang='lat' dir='ltr'><strong>Demetrius</strong></span> <span class='ocrx_word' id='word_1_411' title='bbox 592 2198 656 2230; x_wconf 80' lang='grc' dir='ltr'><strong>περὶ</strong></span> <span class='ocrx_word' id='word_1_412' title='bbox 675 2198 864 2232; x_wconf 81' lang='grc' dir='ltr'><em>χαρακτήρων.</em></span> <span class='ocrx_word' id='word_1_413' title='bbox 893 2198 924 2224; x_wconf 93' lang='lat' dir='ltr'><strong>In</strong></span> <span class='ocrx_word' id='word_1_414' title='bbox 939 2199 983 2225; x_wconf 87' lang='lat' dir='ltr'><strong>his</strong></span> <span class='ocrx_word' id='word_1_415' title='bbox 1003 2199 1194 2226; x_wconf 82' lang='lat' dir='ltr'><strong>describendis</strong></span> <span class='ocrx_word' id='word_1_416' title='bbox 1214 2208 1305 2225; x_wconf 81' lang='lat' dir='ltr'><strong>rerum</strong></span> <span class='ocrx_word' id='word_1_417' title='bbox 1324 2199 1397 2225; x_wconf 88' lang='lat' dir='ltr'><strong>ratio</strong></span> 
     </span>
    </p>
   </div>
   <div class='ocr_carea' id='block_1_7' title="bbox 91 2233 1434 2273">
    <p class='ocr_par' dir='ltr' id='par_1_10' title="bbox 91 2233 1434 2273">
     <span class='ocr_line' id='line_1_43' title="bbox 91 2233 1434 2273; baseline 0.006 -15"><span class='ocrx_word' id='word_1_418' title='bbox 91 2233 223 2260; x_wconf 81' lang='lat' dir='ltr'><strong>habenda</strong></span> <span class='ocrx_word' id='word_1_419' title='bbox 252 2235 319 2260; x_wconf 84' lang='lat' dir='ltr'><strong>erat.</strong></span> <span class='ocrx_word' id='word_1_420' title='bbox 347 2234 388 2260; x_wconf 87' lang='lat' dir='ltr'><strong>De</strong></span> <span class='ocrx_word' id='word_1_421' title='bbox 416 2235 551 2263; x_wconf 86' lang='lat' dir='ltr'><strong>divisione</strong></span> <span class='ocrx_word' id='word_1_422' title='bbox 580 2237 712 2264; x_wconf 82' lang='lat' dir='ltr'><strong>virtutum</strong></span> <span class='ocrx_word' id='word_1_423' title='bbox 740 2237 866 2271; x_wconf 84' lang='lat' dir='ltr'><strong>Dionysii</strong></span> <span class='ocrx_word' id='word_1_424' title='bbox 885 2238 1075 2265; x_wconf 86' lang='lat' dir='ltr'><strong>testimonium</strong></span> <span class='ocrx_word' id='word_1_425' title='bbox 1095 2239 1130 2265; x_wconf 89' lang='lat' dir='ltr'><strong>de</strong></span> <span class='ocrx_word' id='word_1_426' title='bbox 1149 2239 1229 2266; x_wconf 87' lang='lat' dir='ltr'><strong>Isocr.</strong></span> <span class='ocrx_word' id='word_1_427' title='bbox 1246 2248 1268 2265; x_wconf 89' lang='lat' dir='ltr'><strong>c.</strong></span> <span class='ocrx_word' id='word_1_428' title='bbox 1285 2242 1299 2265; x_wconf 82' lang='lat'><strong>3</strong></span> <span class='ocrx_word' id='word_1_429' title='bbox 1319 2238 1398 2273; x_wconf 84' lang='lat' dir='ltr'><strong>sequi</strong></span> <span class='ocrx_word' id='word_1_430' title='bbox 1427 2242 1434 2263; x_wconf 57' lang='lat' dir='ltr'><strong>‘i</strong></span> 
     </span>
    </p>
   </div>
   <div class='ocr_carea' id='block_1_8' title="bbox 92 2273 1181 2349">
    <p class='ocr_par' dir='ltr' id='par_1_11' title="bbox 92 2273 1181 2349">
     <span class='ocr_line' id='line_1_44' title="bbox 92 2273 199 2301; baseline 0.009 -1"><span class='ocrx_word' id='word_1_431' title='bbox 92 2273 199 2301; x_wconf 86' lang='lat' dir='ltr'><strong>debuit.</strong></span> 
     </span>
     <span class='ocr_line' id='line_1_45' title="bbox 1146 2324 1181 2349; baseline 0 -11"><span class='ocrx_word' id='word_1_432' title='bbox 1146 2327 1161 2349; x_wconf 71' lang='lat'>2</span> <span class='ocrx_word' id='word_1_433' title='bbox 1168 2324 1181 2338; x_wconf 61' lang='lat'><em>8</em></span> 
     </span>
    </p>
   </div>
   <div class='ocr_carea' id='block_1_9' title="bbox 1462 822 1526 829">
    <p class='ocr_par' dir='ltr' id='par_1_12' title="bbox 1462 822 1526 829">
     <span class='ocr_line' id='line_1_46' title="bbox 1462 822 1526 829; baseline 0.031 -3"><span class='ocrx_word' id='word_1_434' title='bbox 1462 822 1526 829; x_wconf 29' lang='lat' dir='ltr'><strong>—gi</strong></span> 
     </span>
    </p>
   </div>
   <div class='ocr_carea' id='block_1_10' title="bbox 1497 1814 1517 1833">
    <p class='ocr_par' dir='ltr' id='par_1_13' title="bbox 1497 1814 1517 1833">
     <span class='ocr_line' id='line_1_47' title="bbox 1497 1814 1517 1833; baseline 0 -12"><span class='ocrx_word' id='word_1_435' title='bbox 1497 1814 1517 1833; x_wconf 46' lang='grc' dir='ltr'><strong>,μ</strong></span> 
     </span>
    </p>
   </div>
  </div>
 </body>
</html>
