1566 2592
267 150 270 153 .
323 119 364 146 De
383 118 519 145 virtutum
538 117 651 144 dicendi
671 116 747 150 apud
766 116 907 142 Romanos
928 115 1047 142 ratione.
1299 113 1344 144 δῖ

35 205 72 235 ut
90 201 256 246 figurata.“
282 200 389 242 Atque
408 199 548 241 primum
569 198 697 240 quidem
712 197 848 229 virtutes
869 195 1053 238 quattuor¹)
1074 196 1166 227 nobis
1182 195 1245 227 iam
1265 195 1349 226 satis
1382 200 1399 237 'j

35 259 129 289 notas
149 253 426 296 deprehendimus:
455 251 668 293 ἑλληνισμόν,
691 249 810 291 σαφές,
833 251 1054 290 κατασκευήν,
1078 249 1214 291 πρέπον.
1240 248 1350 289 Alius,

37 310 171 352 inquies,
190 308 242 340 hic
261 307 337 339 ordo
352 306 479 338 videtur
493 307 590 346 atque
604 304 658 336 ine
673 303 849 335 Tullianus.
880 302 971 334 Certe
987 302 1124 344 quidem,
1145 302 1172 333 si
1191 313 1228 333 ea
1246 301 1344 332 verba

37 363 106 395 sola
124 362 293 404 sequimur.
321 359 404 392 Nam
426 359 506 390 duae
526 358 712 389 dividuntur
730 356 927 398 provinciae:
952 355 1080 397 singula
1099 355 1196 386 verba
1220 356 1251 386 et
1270 365 1349 386 con<>
1370 366 1372 372 1

37 417 153 448 iuncta.
180 414 339 452 Quattuor
357 413 431 444 illae
450 412 586 444 virtutes
610 411 650 442 ad
673 421 770 442 unam
795 410 997 452 singulorum
1024 408 1194 439 verborum
1217 409 1341 448 partem
1386 423 1388 427 ·

36 469 204 512 pertinent.
237 466 414 498 Coniuncta
436 465 557 497 habent
579 464 709 506 propria
733 475 790 495 sua
813 463 931 504 capita,
955 473 1027 493 cum
1051 461 1136 503 apud
1156 460 1342 492 Ciceronem

37 521 227 563 compositio
242 520 412 552 verborum
428 518 602 550 virtutibus
617 517 801 549 subiciatur.
826 515 889 547 Sed
904 515 930 547 si
946 526 1072 547 omnem
1089 515 1341 556 disputationem

35 585 266 618 percensemus,
285 573 394 605 eadem
413 572 495 604 ratio
514 572 548 603 in
564 570 762 609 Quintiliano
783 570 980 610 observatur,
999 579 1080 610 quae
1099 570 1148 600 est
1167 567 1251 609 apud
1266 567 1342 598 Tul-

34 628 127 670 lium3
145 638 220 659 nam
235 626 487 668 dispositionem,
507 635 603 666 quam
617 623 792 665 praemisit,
810 623 879 664 ipse
894 622 1026 654 minime
1042 620 1223 663 sequiturfl)
1244 620 1341 658 Quin-

35 681 140 714 tiliani
159 680 357 722 temporibus
377 678 567 720 compositio
587 677 627 708 ad
645 678 745 708 artem
762 676 888 708 dicendi
902 678 1028 707 tantum
1044 675 1172 706 valebat
1186 676 1342 715 tantaque

34 736 278 776 praeceptorum
298 733 390 774 copia
410 733 565 763 instructa
584 732 660 771 erat,
679 732 716 761 ut
734 729 835 761 multo
851 729 1012 770 maiorem,
1032 739 1127 769 quam
1143 728 1240 759 etiam
1255 727 1341 769 apud

35 788 234 828 Ciceronem,
257 786 363 818 locum
386 786 419 816 in
443 784 565 816 artibus
591 781 788 826 obtineretss‘)
817 781 887 820 Qua
906 782 944 813 de
964 792 1058 813 causa
1083 782 1116 812 in
1142 781 1342 822 praefatione

36 841 163 883 quidem
188 839 303 878 λέξεως
325 838 444 870 Fabius
464 838 492 870 ei
517 837 683 879 proprium
707 836 814 868 locum
833 835 1000 867 concessit.
1034 834 1095 866 Sed
1117 834 1342 876 progrediente

35 894 252 936 disputatione
271 892 310 924 ad
328 891 488 924 Ciceronis
508 891 665 933 rationem
685 889 767 921 redit
787 891 819 920 et
838 899 965 920 omnem
985 889 1142 919 virtutum
1163 888 1340 920 doctrinam
1364 881 1369 928 Ῑ
1404 897 1416 931 ἢ

34 948 81 980 ita
108 946 260 988 explicat,
283 947 319 977 ut
347 947 413 977 tam
442 944 642 986 singulorum
670 943 839 974 verborum
871 952 965 982 quam
995 941 1239 973 coniunctorum
1258 942 1342 972 ratio
1365 929 1370 960 t

34 1001 198 1032 habeatur.

125 1053 324 1093 Quamquam
348 1052 433 1083 enim
460 1054 553 1082 antea
577 1050 659 1081 dixit
684 1050 853 1081 coniuncta
876 1049 1015 1090 primum
1040 1048 1148 1079 deberi
1175 1048 1342 1080 emendata

35 1105 289 1149 (Geigenmifller
310 1105 330 1136 l.
346 1116 370 1136 c.
386 1116 416 1146 p.
432 1104 488 1145 20>
517 1115 598 1144 esse,
630 1104 698 1144 ipse
728 1102 896 1134 Latinitati
921 1113 957 1133 ea
981 1102 1155 1144 subiungit.
1194 1101 1239 1133 Ut
1263 1102 1342 1133 vitia

35 1159 256 1192 statuebantur
274 1159 499 1199 βαρβαρισμός
518 1157 552 1188 111
571 1156 707 1198 singulis
726 1156 844 1196 verbis,
869 1156 1079 1195 σολοικισμός
1098 1155 1131 1186 111
1154 1154 1342 1196 coniunctis,

34 1213 80 1245 sic
94 1212 311 1250 Quintilianus
330 1222 399 1242 eam
415 1211 602 1250 orationem,
621 1221 701 1251 quae
716 1208 874 1247 σύνταξιν
889 1209 1045 1250 servabat,
1064 1208 1196 1250 proprio
1211 1208 1341 1240 nomine

33 1266 234 1298 emendatam
249 1264 338 1305 dixit,
357 1264 509 1295 virtutem
525 1266 630 1295 autem
645 1274 739 1295 unam
757 1274 824 1294 esse
839 1262 942 1293 voluit
957 1263 989 1293 et
1003 1273 1066 1293 una
1081 1262 1148 1304 egit
1163 1262 1201 1293 de
1218 1262 1341 1294 ratione

34 1318 147 1351 Latine
171 1321 203 1350 et
231 1317 395 1350 emendate
419 1317 571 1358 loquendi
595 1315 690 1359 (VIII
707 1317 734 1358 1,
751 1315 793 1358 1).
828 1314 865 1347 In
889 1315 1128 1356 perspicuitatis
1152 1317 1184 1346 et
1209 1317 1342 1347 ornatus

34 1372 153 1404 virtute
181 1382 244 1402 una
273 1382 306 1402 se
338 1370 606 1411 comprehendere
635 1370 805 1402 coniuncta
833 1371 864 1400 et
892 1369 1019 1410 singula
1046 1368 1145 1400 verba
1172 1369 1241 1410 ipse
1274 1371 1339 1400 tam

35 1428 142 1467 aperte
171 1425 323 1464 affirmat,
351 1426 387 1454 ut
413 1425 515 1455 totam
542 1423 626 1454 viam
653 1422 882 1463 disputationis
907 1422 1058 1462 prosequi
1086 1432 1151 1453 non
1181 1432 1260 1463 opus
1289 1422 1341 1463 sit,

125 1525 149 1557 1)
169 1524 212 1549 Ad
231 1525 355 1550 nostram
375 1525 448 1550 certe
468 1523 688 1557 disputationem
711 1530 745 1549 ea
768 1531 832 1556 pars
856 1522 947 1556 operis
967 1522 1086 1548 Fabiani
1109 1522 1243 1556 pertinet,
1268 1531 1340 1555 quae

34 1566 78 1590 est
104 1564 168 1596 περὶ
194 1563 297 1596 λέξεως.
331 1564 385 1590 Sed
404 1563 597 1590 adnotandum
621 1564 664 1590 est
691 1563 720 1588 in
751 1562 842 1596 capite
861 1562 912 1595 15,
936 1562 1012 1595 quod
1035 1563 1078 1588 est
1102 1562 1136 1588 de
1161 1564 1220 1588 arte
1248 1570 1340 1596 gram-

34 1603 151 1636 matica,
175 1603 259 1630 aliam
283 1603 402 1630 inveniri
425 1603 559 1630 virtutum
582 1603 776 1637 partitionem,
804 1611 859 1636 qua
882 1601 990 1635 πρέπον
1013 1602 1150 1628 subicitur
1173 1606 1339 1637 κατασκευῇ.

33 1643 109 1670 Haec
129 1642 203 1669 enim
226 1643 358 1676 leguntur
377 1644 442 1677 (15,
459 1645 496 1677 1):
526 1642 611 1676 „Cum
631 1643 719 1669 omnis
741 1643 830 1669 oratio
849 1644 906 1668 tres
925 1642 1030 1668 habeat
1049 1642 1177 1674 virtutes,
1197 1643 1229 1668 ut
1248 1650 1338 1668 emen-

34 1683 110 1715 data,
129 1684 161 1709 ut
180 1682 313 1716 dilucida,
333 1685 364 1710 ut
383 1685 482 1710 ornata
501 1683 538 1709 sit
557 1683 634 1716 (quia
654 1683 746 1710 dicere
761 1684 836 1716 apte,
856 1682 931 1716 quod
946 1683 989 1708 est
1003 1682 1194 1715 praecipuum,
1213 1682 1340 1716 plerique

33 1722 143 1748 ornatui
163 1723 342 1756 subiciunt).“
371 1723 496 1757 Apparet
515 1723 602 1757 igitur
621 1724 763 1749 auctorem
783 1731 855 1755 eum,
875 1730 957 1755 quem
976 1722 1004 1747 in
1024 1722 1216 1756 grammaticis
1235 1722 1339 1748 Fabius

33 1762 167 1796 sequitur,
186 1764 242 1789 tres
261 1771 422 1790 numerasse
441 1763 558 1789 virtutes
578 1762 743 1789 elocutionis
763 1764 848 1795 atque
866 1771 916 1788 nos
931 1761 1004 1787 infra
1019 1761 1174 1788 videbimus
1189 1762 1339 1788 Auctorem

33 1801 241 1828 Herennianum
261 1802 346 1828 simili
365 1803 473 1829 ratione
493 1804 656 1829 ornamenta
675 1804 704 1829 et
721 1810 875 1836 perpauca,
902 1810 974 1835 quae
999 1802 1035 1828 ad
1058 1800 1167 1835 πρέπον
1189 1802 1339 1836 pertinent,

34 1841 63 1868 in
82 1850 151 1874 eam,
171 1850 255 1876 quam
275 1843 443 1877 dignitatem
463 1842 624 1877 appellavit,
644 1844 752 1876 partem
772 1842 926 1876 collegisse
956 1842 1010 1868 Sed
1029 1842 1058 1867 in
1078 1842 1244 1868 elocutionis
1258 1843 1338 1876 parte

35 1881 224 1913 Quintilianus
244 1884 377 1915 quattuor
396 1883 513 1909 virtutes
531 1882 702 1915 numeravit,
722 1882 751 1908 in
770 1882 860 1916 primo
880 1890 990 1915 quoque
1009 1881 1081 1908 libro
1101 1882 1218 1914 veritus,
1239 1882 1338 1915 nequis

33 1921 140 1954 πρέπον
168 1922 353 1956 desideraret,
382 1922 441 1949 eius
469 1922 580 1949 virtutis
609 1922 703 1949 sedem
731 1922 861 1948 ostendit.
898 1921 938 1947 De
966 1921 1037 1948 libro
1065 1922 1156 1955 primo
1184 1922 1340 1956 disputavit

34 1960 63 1987 B.
80 1960 226 1988 Heinicke:
256 1962 295 1988 De
320 1961 487 1994 Quintiliani
511 1962 587 1988 Sexti
611 1962 787 1996 Asclepiadis
817 1963 876 1988 arte
901 1962 1093 1996 grammatica.
1127 1962 1198 1988 Diss.
1224 1963 1337 1996 Argent.

35 2002 112 2033 1904,
132 2001 166 2027 de
186 2001 333 2028 virtutibus
352 2011 379 2036 p.
395 2005 428 2028 34
439 2011 499 2036 sqq.
528 2002 582 2028 Sed
602 2002 635 2028 de
651 2002 844 2036 Theophrasto
863 2010 918 2028 non
937 2003 1012 2028 recte
1026 2002 1162 2028 iudicavit
1176 2011 1203 2036 p.
1220 2004 1261 2033 36,
1279 2005 1301 2028 1.

124 2041 150 2074 2)
169 2040 212 2067 Ita
235 2041 346 2075 saepius
365 2042 467 2068 Fabius
491 2042 573 2068 initio
597 2041 711 2068 maioris
730 2042 832 2075 partis,
855 2043 887 2067 ut
906 2041 1005 2068 lectori
1025 2043 1204 2075 conspectum
1225 2041 1338 2068 facilem

34 2080 203 2114 suppedltet,
221 2088 279 2107 rem
294 2081 323 2107 in
341 2081 423 2115 plura
443 2082 538 2116 capita
557 2082 688 2115 dissecat,
708 2090 791 2115 quam
811 2082 927 2108 adhibet
941 2081 970 2108 111
990 2082 1118 2115 sequenti
1138 2082 1337 2115 disputatione.

124 2121 149 2153 3)
169 2119 208 2146 Cf.
223 2120 260 2146 IX
275 2123 300 2152 4,
316 2124 343 2147 l:
365 2121 422 2154 „De
443 2122 643 2155 compositione
662 2130 718 2148 non
738 2122 867 2156 equidem
882 2123 946 2155 post
960 2122 996 2148 M.
1008 2121 1131 2148 Tullium
1150 2122 1269 2148 scribere
1289 2129 1339 2147 au-

34 2159 136 2192 derem,
156 2159 200 2185 cui
220 2160 313 2186 nescio
332 2169 368 2187 an
386 2161 464 2187 nulla
483 2170 547 2195 pars
563 2162 654 2195 operis
669 2161 751 2188 huius
766 2161 804 2188 sit
817 2162 908 2196 magis
924 2162 1079 2195 elaborata,
1098 2162 1153 2187 nisi
1173 2163 1200 2187 et
1212 2161 1338 2188 eiusdem

34 2199 136 2226 aetatis
155 2199 282 2226 homines
301 2200 412 2234 scriptis
431 2201 467 2227 ad
485 2202 578 2235 ipsum
597 2201 681 2228 etiam
699 2201 801 2227 litteris
817 2202 1018 2236 reprehendere
1033 2201 1062 2227 id
1077 2201 1235 2228 collocandi
1249 2210 1339 2235 genus

28 2238 94 2280 'ausi
113 2239 230 2265 fuissent
250 2239 361 2273 (Brutus
381 2242 409 2266 et
423 2241 530 2275 Attici),
549 2242 578 2267 et
595 2242 659 2275 post
678 2250 740 2267 eum
761 2241 854 2275 plures
873 2241 964 2268 multa
983 2242 1019 2267 ad
1039 2241 1157 2268 eandem
1176 2249 1234 2268 rem
1253 2241 1338 2275 perti-

32 2278 129 2305 nentia
147 2279 298 2306 memoriae
317 2280 526 2307 tradidissent.“
