1566 2592
483 154 524 180 De
543 153 729 188 Theophrasti
747 153 857 179 ratione
877 152 1018 179 virtutum.
1360 152 1399 183 21

97 238 290 279 simplicium
315 236 484 268 verborum
508 237 733 277 argumentum
758 234 824 265 suis
844 233 950 265 verbis
975 234 1223 275 comprehendit.
1251 233 1329 266 Inde
1352 245 1403 266 co-

96 302 248 334 gnoscere
261 290 338 322 licet
351 288 607 330 Theophrastum
623 299 687 319 uno
703 290 735 319 et
749 287 887 328 simplici
902 288 1031 318 nomine
1046 288 1129 319 καλὰ
1148 288 1294 328 ὀνόματα
1308 298 1401 319 usum

97 356 164 377 esse
183 346 215 376 et
232 344 366 386 probato
386 342 461 374 111110
484 342 593 384 generi
616 341 788 373 verborum
812 341 1000 382 opposuisse
1024 351 1073 382 ea,
1097 351 1134 371 ex
1159 341 1276 382 quibus
1299 352 1403 382 neque

97 398 198 429 oratio
217 407 319 437 neque
339 406 466 428 carmen
488 395 581 426 laude
606 395 738 437 dignum
762 395 833 426 fieri
857 396 974 435 posset.
1004 394 1095 431 Quod
1119 396 1226 425 autem
1250 393 1401 436 legimus:

96 448 144 483 ὧν
162 449 411 491 συντιθεμένων
433 448 495 480 1100
523 448 657 479 eundem
683 459 777 479 usum
803 448 891 479 vocis
917 447 1113 479 συντιθέναι
1140 447 1279 479 ostendit
1306 449 1402 488 atque

95 503 278 536 Aristotelis
304 502 367 535 1001
391 513 487 543 supra
514 502 616 541 allati,
645 513 709 543 quo
738 501 865 543 singula
888 501 986 533 verba
1008 502 1107 541 μόρια
1131 511 1200 532 esse
1219 505 1279 532 τοῦ
1299 502 1401 541 λόγου

95 557 302 598 significatur,
322 555 377 587 sed
390 567 430 587 ne
450 555 552 587 hilum
572 555 700 596 quidem
715 555 743 586 is
762 555 851 586 locus
871 555 963 586 docet
979 554 1017 586 de
1036 554 1159 585 ratione
1180 553 1400 594 componendi.

93 609 131 642 In
158 610 258 641 altera
282 612 386 651 parte,
415 620 496 650 quae
516 609 554 640 de
576 608 754 640 humilibus
773 608 878 640 verbis
908 610 968 649 est,
997 608 1053 639 illa
1072 607 1104 646 ἐξ
1125 605 1172 639 ὧν
1192 632 1198 639 .
1216 633 1221 638 .
1238 632 1244 638 .
1264 605 1400 638 ἔσεσθαι

94 673 225 704 prorsus
245 663 439 703 respondent
458 662 621 703 prioribus
645 662 750 693 verbis
775 659 822 694 ὧν
846 660 1104 701 συντιθεμένων.
1132 660 1270 692 Proinde
1289 662 1321 691 et
1339 660 1402 691 1100

94 717 309 759 fragmentum
329 716 429 757 capiti
447 715 522 757 περὶ
542 715 678 756 ἐκλογῆς
697 717 807 747 καλῶν
826 715 1006 755 ὀνομάτων,
1026 725 1107 755 quae
1127 725 1200 756 pars
1220 716 1288 745 erat
1307 725 1400 744 κατα-

94 774 222 810 σκευῆς,
241 769 457 810 relinquamus
476 779 555 800 neve
575 779 629 800 eos
637 768 662 811 ²)
682 768 859 809 audiamus,
878 768 933 809 qui
954 778 992 799 ex
1011 767 1226 800 Aristotelicis
1250 767 1330 798 locis
1350 777 1400 798 su-

93 833 152 864 pra
169 822 308 854 laudatis
332 822 576 863 dispositionem
601 821 688 853 tertii
711 821 786 853 libri
805 821 1053 853 Rhetoricorum
1079 821 1217 852 maxime
1236 820 1399 852 turbatam

94 878 126 907 et
145 876 308 908 σύνθεσιν
327 887 398 907 011111
421 875 538 918 ἐκλογῇ
560 876 751 916 permixtam
776 885 844 906 esse
869 874 1068 906 conabantur
1091 875 1319 906 demonstrare.
1347 873 1400 906 Illi

94 932 178 961 certe
196 929 259 961 loci
277 929 462 961 testimonio
483 940 550 961 esse
569 940 634 960 non
652 930 796 969 possunt.

183 982 245 1014 Sed
264 982 303 1014 ad
323 984 454 1023 quartae
474 981 732 1023 Theophrasteae
750 982 878 1013 virtutis
898 981 1088 1012 divisionem
1108 983 1311 1013 revertamur.
1339 981 1400 1013 Re-

94 1037 178 1068 centi
197 1038 264 1068 arte
287 1046 347 1067 nos
369 1047 435 1067 non
458 1035 534 1067 licet
558 1035 719 1076 impediri,
746 1035 918 1076 quominus
938 1034 1087 1076 Dionysii
1114 1034 1218 1066 verbis
1245 1035 1283 1066 de
1302 1034 1398 1066 Isocr.

93 1100 118 1120 c.
139 1089 159 1120 3
182 1089 241 1130 ita,
269 1091 305 1120 ut
333 1088 498 1131 leguntur,
522 1089 618 1120 fidem
646 1088 821 1120 habeamus
846 1090 877 1119 et
901 1087 1041 1129 ἐκλογὴν
1065 1087 1228 1128 ἁρμονίαν
1253 1090 1400 1131 σχήματα

94 1143 220 1174 ornatui
240 1142 331 1184 quasi
352 1142 457 1183 capita
477 1142 680 1174 subiciamus.

72 1187 74 1189 ,
181 1195 268 1233 Quae
292 1196 374 1227 ratio
408 1198 539 1237 quartae
563 1195 690 1227 virtutis
715 1195 820 1227 tribus
845 1194 1008 1236 prioribus
1034 1195 1208 1227 virtutibus
1235 1195 1399 1236 probatur,

93 1249 208 1291 quibus
228 1249 262 1280 in
281 1249 430 1291 singulis,
448 1252 485 1280 ut
503 1248 627 1280 Tullius
648 1250 679 1280 et
699 1248 916 1286 Quintilianus
940 1248 1068 1289 docent,
1088 1250 1120 1279 et
1140 1248 1178 1280 de
1198 1248 1399 1289 simplicibus

92 1302 196 1335 verbis
215 1305 247 1334 et
266 1303 304 1334 de
324 1302 504 1334 coniunctis
524 1302 687 1344 agebatur.
717 1302 910 1343 Πρέποντος
930 1302 1032 1343 capite
1052 1303 1169 1342 omnia,
1188 1312 1269 1343 quae
1289 1302 1328 1333 ad
1347 1313 1399 1333 va—

91 1356 203 1388 rianda
216 1356 314 1388 verba
332 1357 502 1397 pertinent,
517 1356 648 1387 tractari
663 1356 882 1398 eognovimus,
892 1355 1102 1398 grammatica
1117 1355 1301 1387 Latinitatis
1316 1355 1398 1386 ratio

91 1411 158 1440 tarn
178 1409 212 1441 in
231 1409 366 1451 singulis
386 1409 490 1440 verbis
515 1408 767 1451 (βαρβαρισμός)
792 1420 887 1450 quam
908 1409 942 1440 in
961 1409 1140 1441 coniunctis
1161 1407 1397 1451 (σολοικισμός)

93 1462 290 1503 observatur,
310 1463 493 1504 σαφήνειαν
512 1462 664 1493 virtutem
683 1473 749 1493 non
768 1462 872 1494 solum
891 1463 990 1503 κύρια
1009 1461 1084 1504 ἔπη,
1107 1462 1162 1493 sed
1182 1462 1277 1493 etiam
1303 1462 1400 1504 plana

92 1517 124 1546 et
143 1515 276 1547 minime
295 1516 444 1547 intricata
459 1515 652 1556 compositio
678 1515 777 1547 efficit
801 1515 863 1556 (De
878 1514 931 1547 Or.
942 1515 989 1547 ΙΙΙ
1000 1516 1042 1547 49
1058 1515 1190 1553 Quintil.
1201 1514 1282 1547 VIII
1295 1514 1397 1556 214).

92 1568 205 1610 Itaque
229 1569 256 1600 si
283 1570 429 1610 σχήματα
448 1569 649 1609 omittimus,
675 1579 811 1610 quorum
831 1580 868 1601 ea
892 1571 941 1600 est
959 1570 1008 1600 vis
1032 1571 1128 1609 atque
1156 1571 1284 1610 natura,
1310 1571 1346 1600 ut
1364 1569 1399 1600 in

92 1624 207 1654 ornatu
227 1622 295 1653 solo
314 1621 445 1653 tractari
465 1621 632 1664 possint2),
651 1623 747 1654 etiam
766 1622 907 1663 reliquae
927 1623 1061 1654 virtutes
1081 1622 1191 1654 eadem
1210 1622 1334 1654 ratione
1353 1622 1398 1653 di-

91 1675 178 1706 visae
198 1678 282 1714 sunt,
301 1686 397 1716 quam
417 1677 549 1716 quartae
568 1675 696 1707 virtutis
716 1676 815 1707 fuisse
834 1676 1010 1716 Dionysius
1029 1675 1170 1708 tradidit.

182 1763 208 1795 1)
228 1762 267 1788 Cf.
283 1762 414 1789 Roemer:
435 1762 575 1789 Editionis
594 1763 680 1797 praef.
701 1772 727 1797 p.
741 1763 852 1789 LXXXI
871 1763 964 1789 Marx:
984 1763 1306 1790 Aristoteles'Rhetorik
1325 1763 1396 1798 (Ber.

91 1801 180 1829 sache.
195 1801 388 1828 Gesellschast.
410 1802 469 1829 Vol.
486 1803 540 1836 LII,
561 1805 640 1837 1900)
659 1812 686 1837 p.
702 1806 761 1836 277,
782 1804 867 1829 etiam
887 1803 918 1829 G⁴
935 1803 1012 1829 Sfiss:
1032 1803 1119 1830 Ethos
1138 1813 1165 1837 p.
1182 1806 1241 1830 178.

182 1843 208 1876 2)
228 1842 362 1876 Σχήματα
382 1851 399 1868 0
418 1843 618 1869 recentioribus
637 1843 667 1869 in
685 1844 895 1877 compositionis
915 1844 1007 1877 capite
1027 1843 1156 1870 collocari
1180 1843 1279 1870 solent.
1308 1843 1398 1870 Theo-

91 1881 223 1915 phrastus
243 1885 337 1909 autem
356 1891 419 1909 cum
438 1882 576 1917 ἁρμονίαν
596 1884 638 1910 ita
656 1884 828 1916 terminaret,
847 1886 878 1910 ut
899 1885 1025 1910 ornatam
1043 1885 1153 1910 tantum
1172 1883 1350 1918 periodorum
1370 1885 1398 1910 et

91 1929 267 1948 numerorum
286 1922 422 1948 rationem
449 1923 707 1957 comprehenderet,
734 1924 830 1958 figuris
854 1924 998 1958 proprium
1024 1925 1135 1958 praeter
1154 1922 1291 1958 ἁρμονίαν
1312 1925 1398 1958 caput

62 1958 161 1987 .'dare
179 1961 284 1989 debuit.
314 1962 479 1989 Differentia
503 1963 590 1995 enim,
615 1972 687 1997 quae
705 1964 855 1990 intercedit
880 1964 953 1990 inter
972 1964 1074 1999 figuras
1099 1964 1129 1990 in
1153 1964 1281 1998 pluribus
1306 1964 1396 1990 verbis

92 2000 199 2034 positas
213 2003 242 2028 st
256 2002 393 2029 rationem
412 2003 605 2036 componendi,
622 2013 684 2029 eum
698 2012 753 2030 non
773 2004 855 2038 fugit.
884 2004 915 2030 In
934 2004 1145 2031 continuatione
1163 2004 1311 2031 verborum
1325 2004 1397 2038 figu-

93 2048 137 2066 ras
156 2041 260 2067 versari
283 2041 352 2075 ipsis
374 2042 502 2076 Dionysii
527 2043 618 2069 verbis
643 2044 861 2071 demonstratur:
890 2048 945 2071 τῶν
973 2043 1296 2079 περιλαμβανόντων
1325 2044 1397 2070 αὐτὰ

93 2080 162 2114 (scil.
180 2079 216 2107 τὰ
236 2079 369 2115 ὀνόματα)
398 2083 550 2117 σχημάτων.
585 2083 713 2110 Ceterum
737 2084 890 2110 Schradero
914 2093 970 2110 non
997 2085 1066 2117 puto
1094 2084 1304 2110 assentiendum
1328 2092 1396 2116 esse,

93 2120 141 2153 qui
159 2119 189 2146 111
208 2120 326 2147 Hennae
349 2122 401 2148 vol.
418 2125 460 2156 39,
471 2126 521 2149 586
529 2133 568 2157 sq.
589 2124 780 2150 demonstrare
799 2124 961 2158 temptavit,
981 2124 1147 2150 vocabulum
1171 2123 1296 2158 σχήματα
1321 2123 1396 2157 apud

92 2159 315 2193 Theophrastum
338 2170 393 2188 non
422 2163 539 2190 eandem
567 2164 699 2190 habuisse
723 2165 790 2196 vim,
819 2173 903 2197 quam
922 2164 1021 2191 Latine
1045 2165 1148 2198 figuras
1168 2165 1218 2190 aut
1242 2164 1395 2190 recentium

93 2199 260 2227 Graecorum
281 2200 404 2235 σχήματα
422 2202 526 2234 λέξεως.
555 2204 618 2238 Ipse
637 2205 807 2230 Schraderus
827 2205 868 2230 ita
887 2203 1011 2238 σχήματα
1030 2204 1241 2238 Theophrastea
1260 2204 1395 2237 interpre-

92 2240 147 2266 tari
175 2241 279 2272 studet,
298 2242 330 2267 ut
348 2241 377 2267 in
396 2241 531 2276 ἁρμονίας
549 2243 642 2277 capite
657 2252 691 2270 ea
710 2244 828 2270 collocet
846 2252 937 2277 neque
957 2243 1147 2278 intellegatur,
1167 2252 1216 2270 cur
1234 2243 1396 2277 Theophra-

93 2281 152 2305 stus
179 2280 292 2314 proprio
318 2288 352 2307 ea
375 2282 467 2315 capite
495 2283 648 2310 donaverit.
676 2283 830 2310 Numerum
858 2292 924 2311 sane
953 2284 1102 2318 figurarum
1131 2283 1222 2317 magis
1249 2283 1395 2318 magisque

93 2321 206 2346 anctum
226 2328 285 2346 esse
304 2328 385 2347 nemo
404 2322 500 2348 nescit.
