1566 2592
493 164 534 190 De
552 163 643 190 tribus
663 162 775 189 dicendi
794 161 951 197 generibus.
1327 158 1369 189 91

63 248 174 280 simile
192 249 249 289 est,
267 257 394 279 necesse
413 247 462 277 est
478 245 583 276 minus
603 245 645 275 sit
664 255 711 282 eo,
731 243 817 285 quod
835 242 990 283 imitatur,
1008 243 1045 273 ut
1064 266 1071 274 .
1088 266 1094 272 .
1109 266 1116 272 .
1136 243 1227 274 actus
1246 240 1376 272 histrio-

66 312 147 334 num
166 301 248 332 veris
267 298 473 346 adfectibusf‘
481 297 506 341 ¹)

161 357 222 390 Sed
242 368 314 389 cum
333 356 437 388 omnis
457 356 594 387 imitatio
615 355 649 386 in
663 365 726 386 uno
743 355 871 386 auctore
885 353 993 395 posita
1012 355 1104 393 esset,
1124 354 1194 384 orta
1213 354 1262 383 est
1284 362 1377 393 quae-

66 412 148 454 stio,
171 412 242 453 quis
262 411 346 442 esset
365 409 506 451 optimus
527 409 670 440 omnium
694 410 838 440 veterum
862 408 1033 438 oratorum.
1062 405 1133 437 Hoc
1157 406 1248 446 quasi
1268 404 1377 436 Eridis

69 475 168 507 pomo
187 464 308 496 factum
328 464 390 505 est,
413 465 450 494 ut
473 462 557 494 inter
580 462 723 493 rhetores
742 471 862 492 novum
882 459 1042 501 quoddam
1061 459 1182 490 bellum
1202 458 1378 490 Troianum

66 517 288 550 exardesceret
307 517 346 548 de
365 515 580 558 pulcherrima
599 515 750 546 oratione.
779 513 870 545 Duae
893 514 999 544 autem
1024 514 1115 544 erant
1138 511 1378 543 inimicissimae

66 571 154 603 inter
172 581 206 602 se
228 570 397 611 factiones,
422 579 556 611 quarum
581 568 712 600 alteram
732 566 835 599 Attici
858 566 1044 607 tuebantur,
1063 564 1177 596 Asiani
1202 563 1379 607 alteram.⁵³)

69 623 134 656 Sed
153 625 190 654 ut
207 623 297 655 litem
318 623 551 665 intellegamus,
570 632 614 662 ea,
634 631 714 662 quae
734 620 772 652 de
787 619 909 651 duabus
924 618 1071 651 imitandi
1087 618 1266 650 rationibus
1282 628 1381 659 supra

65 676 217 719 exposita
242 678 326 717 sunt,
351 675 507 717 respicere
526 685 585 706 nos
609 675 743 716 oportet.
771 673 910 715 Utrique
930 672 1013 704 enim
1034 674 1158 703 veteres
1178 673 1322 703 oratores
1346 682 1380 702 se

68 729 190 762 imitari
205 729 439 761 contendebant
453 739 627 769 eorumque
642 727 832 760 auctoritate
847 737 938 758 suum
956 725 1081 757 dicendi
1099 736 1201 768 genus
1216 725 1255 756 ab
1271 724 1381 756 adver-

66 783 227 815 sariorum
243 782 489 824 reprehensione
503 781 675 813 studebant
690 780 866 812 defendere.
895 778 997 811 Attici
1012 779 1146 810 alteram
1160 778 1318 810 rationem
1334 788 1381 810 se-

66 836 137 868 cuti
156 847 254 868 unum
273 837 437 867 auctorem
456 834 636 866 imitatione
650 834 891 875 exprimendum
907 844 977 864 esse
992 832 1172 873 censebant,
1191 834 1247 863 aut
1261 831 1382 873 Lysian

69 891 129 922 aut
152 889 374 930 Thucydiden,
401 888 515 920 Asiani
540 888 714 919 secundum
739 887 875 928 primam
902 888 1065 928 μιμήσεως
1089 886 1246 917 rationem
1271 895 1382 917 omnes

69 942 225 975 ‘Atticos'
250 944 391 974 oratores
417 941 630 982 advocabant,
655 941 775 983 Lysian
798 940 927 982 quidem
950 950 1016 971 non
1040 939 1247 981 respuebant,
1273 938 1328 970 sed
1352 939 1382 970 ei

71 995 253 1028 adiciebant
285 994 472 1037 Hyperiden
500 994 694 1036 Aeschinen,
723 994 866 1026 omnium
895 993 1071 1035 principem
1101 992 1340 1024 Demosthenen
1347 991 1383 1035 ³),

70 1049 166 1082 initio
190 1050 326 1081 fortasse
350 1047 498 1080 nonnulli
522 1048 619 1079 etiam
638 1047 839 1079 Demetrium
857 1046 1065 1087 Phalereum,
1088 1045 1302 1088 Dinarchum,
1321 1045 1383 1077 De-

72 1102 196 1134 maden.
222 1101 296 1144 Ipse
315 1101 484 1144 Hegesias,
507 1101 618 1133 rhetor
641 1101 674 1132 in
693 1101 831 1132 Asianae
854 1100 1003 1132 dictionis
1025 1099 1156 1131 licentia
1174 1099 1270 1131 facile
1289 1099 1384 1130 auda-

69 1156 229 1197 cissimus,
244 1166 277 1187 se
291 1155 406 1196 Lysiae
421 1154 603 1196 exemplum
619 1154 734 1186 sectari
748 1154 969 1195 profitebatur.
992 1152 1040 1184 De
1055 1163 1130 1184 vera
1144 1153 1244 1194 igitur
1258 1152 1383 1184 ratione

72 1209 220 1241 imitandi
239 1210 271 1241 et
286 1208 324 1240 de
339 1207 535 1250 praestantia
549 1207 665 1249 optimi
680 1208 816 1239 oratoris
831 1207 1027 1239 decertatum
1043 1208 1098 1238 est.
1126 1205 1249 1243 Quibus
1265 1206 1384 1237 armis?

72 1261 297 1304 Descriptione
317 1272 470 1304 generum
490 1261 622 1293 dicendi.
647 1260 676 1292 A
691 1261 835 1302 personis
855 1260 940 1292 enim
960 1261 1124 1291 oratorum
1147 1270 1242 1291 causa
1261 1259 1301 1291 ad
1315 1259 1385 1290 uni-

73 1315 157 1347 versi
167 1315 292 1358 generis
303 1315 440 1346 formam
450 1314 686 1346 diiudicandam
697 1314 802 1346 delata
812 1315 868 1345 est.
891 1313 1000 1355 Atque
1011 1312 1114 1345 Attici
1130 1312 1259 1355 quidem
1269 1312 1386 1354 Lysiae
1426 1307 1432 1326 '¹

72 1368 126 1400 sui
145 1379 245 1411 genus
265 1379 381 1410 purum
402 1378 471 1399 esse
491 1367 524 1399 in
543 1367 649 1399 verbis
669 1369 700 1398 et
719 1367 847 1409 elegans
867 1368 898 1398 et
918 1366 1059 1398 solutum
1080 1366 1242 1409 dicebant,
1263 1367 1297 1398 in
1317 1377 1387 1398 sen-

73 1422 185 1453 tentiis
204 1421 322 1453 subtile
341 1423 374 1453 et
393 1423 535 1462 acutum,
554 1431 725 1463 exsangue,
744 1421 877 1462 aridum,
896 1420 1018 1452 humile
1038 1419 1149 1452 Asiani
1169 1420 1385 1461 appellabant.

74 1474 196 1507 Contra
218 1474 344 1516 Asiani,
373 1474 429 1516 qui
452 1485 545 1506 suum
569 1485 670 1516 genus
693 1474 818 1506 dicendi
842 1475 991 1505 ornatum
1015 1475 1047 1505 et
1069 1473 1277 1516 magnificum
1300 1473 1387 1505 vole-

75 1528 155 1560 bant
174 1539 252 1570 esse,
270 1528 310 1560 ab
325 1527 444 1560 Atticis
463 1527 579 1560 tumidi
597 1527 796 1559 vocabantur
814 1529 846 1559 et
864 1526 977 1559 inflati.
1006 1526 1068 1558 Hic
1087 1538 1240 1569 generum
1261 1527 1387 1558 dicendi

75 1592 154 1613 usus
173 1581 269 1613 etiam
288 1581 320 1613 in
341 1581 380 1613 iis
400 1581 528 1622 scriptis
548 1580 730 1621 rhetoricis,
755 1592 835 1622 quae
855 1580 894 1612 ad
916 1591 976 1612 nos
998 1582 1223 1622 pervenerunt,
1247 1580 1387 1622 perspici

76 1637 193 1677 potest.
221 1633 306 1666 Illud
324 1645 400 1666 vero
421 1634 613 1675 quaerimus,
631 1636 740 1665 utrum
760 1645 876 1676 genera
896 1633 1021 1665 dicendi
1041 1633 1081 1665 ad
1101 1635 1263 1666 certamen
1278 1634 1316 1665 de
1332 1645 1387 1675 op-

76 1688 157 1719 timo
182 1690 308 1719 oratore
331 1689 458 1729 gestum
481 1687 610 1719 inventa
629 1689 661 1718 et
683 1687 723 1719 ab
748 1687 840 1719 initio
865 1687 1023 1719 instructa
1047 1687 1125 1728 sint,
1151 1698 1193 1718 an
1212 1688 1389 1719 constituta

76 1741 142 1773 iam
162 1743 256 1772 antea
274 1752 292 1772 a
310 1741 493 1772 rhetoribus
513 1741 552 1772 ad
570 1751 687 1772 novam
706 1741 796 1772 litem
817 1741 882 1772 sint
901 1741 1062 1773 arcessita.

168 1802 227 1835 Oui
242 1803 422 1845 quaestioni
437 1813 509 1834 eum
524 1805 667 1835 veterum
682 1805 848 1835 auctorum
863 1804 952 1835 nulla
966 1803 1180 1845 respondeant
1194 1802 1388 1845 testimonia,

78 1858 183 1898 ipsam
203 1867 355 1899 generum
375 1856 517 1888 indolem
536 1858 632 1897 atque
650 1858 796 1888 naturam
813 1856 1028 1888 examinemus
1044 1867 1172 1888 necesse
1188 1858 1244 1888 est.
1275 1856 1389 1902 Neque

78 1909 195 1941 desunt
212 1909 362 1952 vestigia,
382 1909 498 1951 quibus
517 1920 536 1940 a
554 1909 749 1949 rhetoribus,
777 1910 832 1951 qui
850 1909 925 1951 περὶ
946 1909 1061 1948 λέξεως
1080 1912 1112 1942 et
1130 1909 1205 1950 περὶ
1225 1912 1390 1952 μιμήσεως

78 1963 289 2004 scripserunt,
312 1962 352 1994 ad
370 1963 598 2005 grammaticae
618 1963 695 1994 artis
715 1974 784 1994 eam
804 1965 942 2005 partem,
967 1974 1048 2005 quae
1071 1965 1178 2006 κρίσις
1200 1965 1390 2006 appellatur,

79 2015 282 2047 deducamur.
311 2015 520 2048 Grammatici
539 2016 624 2047 enim
644 2015 678 2047 in
696 2015 874 2048 litterarum
896 2017 1066 2058 thesauris,
1086 2027 1165 2058 quos
1186 2017 1323 2049 maiores
1342 2028 1390 2048 re-

172 2131 197 2164 1)
216 2129 318 2156 Totum
333 2131 419 2164 caput
437 2130 500 2164 περὶ
519 2129 656 2165 μιμήσεως
674 2130 798 2164 optimae
817 2130 961 2157 doctrinae
976 2130 1090 2165 plenum
1110 2139 1143 2157 ex
1162 2130 1306 2165 praeclaro
1321 2139 1391 2165 quo—

81 2169 148 2196 dam
167 2169 244 2196 fonte
264 2163 348 2204 (derte
368 2178 424 2196 non
443 2178 477 2196 ex
496 2169 627 2204 Caecilio)
647 2170 779 2196 haustum
799 2172 849 2197 est.

172 2211 198 2243 2)
218 2209 340 2241 Quorum
359 2209 503 2236 nominum
522 2210 556 2236 de
575 2218 642 2236 vera
662 2210 894 2244 interpretatione
918 2212 982 2244 post
1001 2210 1126 2237 Nordeni
1150 2211 1264 2238 doctum
1287 2211 1391 2237 librum

81 2250 124 2284 (A.
140 2249 314 2283 Kunstprosa
333 2249 384 2275 vol.
405 2249 427 2283 Ι)
451 2249 541 2276 denuo
566 2249 698 2276 disseruit
716 2249 917 2277 Wilamowitz:
947 2251 1122 2277 Asianismus
1147 2250 1204 2276 und
1224 2250 1392 2277 Atticismus

82 2289 202 2316 Hermae
221 2289 274 2316 vol.
295 2289 393 2322 36‚1ff.

173 2332 200 2363 3)
220 2329 275 2356 Cic.
291 2329 335 2355 Or.
352 2332 395 2355 23.
410 2331 443 2355 29
451 2338 511 2363 sqq.
530 2330 564 2356 de
584 2330 681 2363 optim.
696 2338 758 2364 gen.
776 2333 816 2356 13.
