1566 2592
367 143 409 170 De
427 142 562 168 virtutum
581 140 694 167 dicendi
713 149 775 167 cum
795 140 944 175 generibus
965 139 1134 166 confusione.
1345 139 1411 170 105

102 225 268 258 doctorum
293 224 484 256 auctoritate
502 222 577 263 niti,
605 222 660 263 qui
684 222 747 253 iam
772 222 895 263 pridem
919 221 957 252 de
985 221 1095 252 libello
1124 221 1198 262 περὶ
1228 219 1411 263 ἑρμηνείας,

103 279 189 321 quod
208 278 247 310 ad
266 278 400 310 virtutes
419 276 567 319 pertinet,
585 286 696 306 verum
715 275 796 306 mihi
815 274 964 306 videntur
983 274 1191 315 perspexisse.

191 336 262 368 Hac
281 335 381 378 igitur
399 334 523 366 ratione
538 333 721 364 Demetrius
743 333 781 364 de
800 332 980 364 elocutione
999 331 1171 373 praecepit,
1185 333 1221 363 ut
1239 331 1412 373 generibus

104 401 186 432 quae
195 390 314 421 maiore
326 399 422 429 quam
432 387 568 419 virtutes
579 386 770 417 auctoritate
781 386 809 417 ei
820 385 869 416 uti
881 385 1079 424 videbantur,
1090 385 1254 426 proprium
1268 385 1411 416 officium
1436 391 1437 410 1

92 442 346 475 iudicandorum
367 443 530 472 oratorum
550 439 704 471 adimeret
723 441 755 470 et
774 439 929 470 virtutum
949 449 1014 470 non
1034 439 1138 469 solum
1158 438 1337 479 praeceptis
1357 437 1412 469 sed

104 496 199 528 etiam
218 497 288 537 ipsa
306 495 431 526 ratione
451 494 606 535 impleret.
635 492 698 525 Sed
713 492 772 524 sub
792 494 1009 533 χαρακτήρων
1027 491 1210 522 nominibus
1226 493 1304 522 nota
1318 490 1415 522 nobis

103 549 200 581 facies
215 548 341 590 ἀρετῶν
360 547 488 587 arridet,
506 546 602 578 modo
622 557 791 587 personam
810 545 850 577 iis
870 545 910 576 ab
931 555 985 576 ore
1005 544 1216 576 detrahamus.
1246 543 1412 581 Quaecun-
1444 541 1449 553 ³

103 613 165 644 que
188 604 295 634 autem
314 613 333 633 a
351 601 515 632 Demetrio
535 611 574 631 ex
592 599 815 641 Theophrasto
842 600 972 639 sumpta.
995 609 1062 629 esse
1087 599 1225 638 constat,
1249 608 1286 628 ea
1305 597 1414 628 omnia

103 655 142 688 ad
174 657 300 687 virtutes
332 654 508 686 elocutionis
537 653 695 695 pertinere
724 654 846 684 certum
875 654 931 683 est.
969 651 1068 683 Recte
1100 651 1201 692 igitur
1234 649 1412 692 Guilelmus

103 708 248 742 Schmid:
267 709 349 740 Mus.
365 708 466 739 Rhen.
480 707 541 738 vol.
557 707 599 738 49
616 705 733 749 (1894)
747 717 777 747 p.
795 706 871 737 148:
890 705 971 747 „Um
988 705 1055 737 dies
1071 704 1320 747 cigentiimliche
1335 703 1413 735 Ver-

103 762 224 794 hiiltnis
242 774 281 794 zu
301 761 460 802 erkffiren,
480 764 608 792 miissen
623 759 680 791 wir
699 759 887 800 annehmen,
901 759 1082 790 Demetrios
1097 758 1177 789 habe
1191 757 1413 799 Theophrasts

105 815 191 847 Stoff
206 816 240 846 in
259 815 362 847 einem
382 813 500 846 andern
523 813 602 845 Sinn
622 812 686 844 und
706 812 803 844 somit
824 811 906 843 auch
927 813 960 843 in
984 812 1118 843 anderer
1139 811 1342 853 Anordnung
1366 811 1413 842 als

104 868 306 910 Theophrast
321 867 422 899 selbst
436 866 643 909 angewendet
658 866 723 898 und
738 866 792 898 das
808 865 971 897 erlosende
982 864 1077 896 Wort
1093 865 1199 896 diirfte
1213 864 1413 907 gesprochen

104 922 188 964 sein,
214 933 307 954 wenn
334 932 406 952 man
437 922 521 962 sagt:
551 919 732 952 Demetrios
758 920 816 950 hat
845 918 903 950 den
924 918 1070 950 Versuch
1096 917 1246 960 gemacht
1274 928 1331 949 aus
1358 917 1414 949 der

104 975 207 1007 Lehre
227 975 282 1007 des
302 974 503 1016 Theophrast
522 984 585 1005 von
612 974 673 1005 den
699 972 784 1005 ἰδέαι
813 972 885 1014 (nos
910 972 1043 1004 dicimus
1070 970 1197 1013 ἀρεταί)
1224 972 1293 1002 eine
1311 971 1415 1003 Lehre

105 1039 170 1060 von
187 1029 255 1061 vier
281 1032 493 1070 χαρακτῆρες,
517 1026 636 1058 welche
655 1037 689 1058 er
707 1026 886 1058 eklektisch
911 1037 968 1057 aus
991 1025 1087 1066 jenen
1107 1025 1192 1056 ἰδέαι
1219 1035 1415 1055 zusammen-

105 1083 219 1122 setzte,
245 1080 600 1120 zurechtzuschneiden,
626 1080 669 1111 ist
696 1079 772 1111 aber
799 1079 891 1111 dabei
910 1079 984 1110 sehr
1003 1078 1208 1110 mechanisch
1227 1078 1292 1109 und
1317 1088 1414 1120 unge-

105 1135 230 1166 schickt
255 1133 482 1176 verfahren“.²)
511 1134 573 1165 Sed
597 1133 714 1164 dixerit
739 1133 896 1174 quispiam
926 1131 1082 1164 Schmidii
1107 1132 1328 1163 testimonium
1348 1131 1415 1162 fac-

104 1188 203 1220 tionis
218 1190 346 1219 nostrae
364 1198 439 1228 esse,
460 1187 535 1229 quis.
554 1189 586 1219 et
604 1187 659 1218 ille
679 1197 806 1228 quoque
826 1190 1029 1228 χαρακτῆρας
1044 1185 1266 1226 Theophrasto
1286 1185 1414 1216 ademit.

62 1243 65 1246 ’
104 1241 163 1274 Ille
182 1241 291 1273 audiat
310 1241 488 1282 Mayerum,
513 1241 568 1282 qui
591 1241 654 1271 tria
673 1250 790 1281 genera
809 1251 933 1280 semper
956 1239 1171 1280 Theophrasti
1197 1250 1264 1270 esse
1285 1240 1414 1269 conten-

106 1295 153 1327 dit
175 1305 234 1326 nec
257 1297 364 1326 tamen
382 1295 416 1326 in
435 1294 599 1326 Demetrio
623 1294 727 1325 facere
754 1295 876 1334 potest,
896 1293 973 1333 quin
999 1293 1133 1323 virtutes
1159 1291 1217 1323 sub
1242 1291 1419 1334 generibus

105 1347 300 1390 agnoscat.²)
329 1347 442 1389 Itaque
461 1347 495 1379 in
517 1347 577 1378 hac
601 1347 787 1388 quaestione
814 1346 877 1377 iam
902 1347 1008 1378 soluta
1027 1346 1106 1377 mihi
1125 1357 1192 1376 non
1216 1355 1414 1376 commoran-

107 1401 183 1433 dum
201 1401 315 1443 putavi
334 1411 411 1432 esse.

195 1462 369 1494 Videamus
389 1463 496 1504 igitur,
511 1462 672 1503 quomodo
687 1462 823 1493 virtutes
840 1462 906 1493 suis
925 1461 1096 1503 generibus
1116 1460 1261 1492 subiciat.
1286 1460 1417 1502 ’Ῑσχνὸν

106 1516 202 1558 γένος
229 1515 368 1547 maxime
395 1515 623 1557 perspicuitate
652 1515 803 1547 efficitur:
833 1515 973 1556 μάλιστα
998 1513 1034 1546 δὲ
1053 1519 1143 1555 σαφῆ
1166 1515 1226 1555 χρὴ
1245 1514 1306 1555 τὴν
1325 1513 1416 1551 λέξιν

107 1569 182 1612 (τοῦ
202 1570 319 1611 ἰσχνοῦ
338 1567 555 1611 χαρακτῆρος)
575 1566 659 1600 εἶναι
679 1567 783 1611 (191).
812 1569 1077 1609 Μεγαλοπρεπὴς
1095 1568 1260 1609 χαρακτήρ
1285 1568 1416 1599 nomine

107 1623 228 1655 indicat
247 1623 308 1654 sibi
328 1623 478 1654 virtutem
499 1622 756 1664 magnificentiae
776 1622 893 1653 adesse.
925 1621 1035 1652 Altera
1049 1632 1122 1662 pars
1138 1623 1269 1662 quartae
1284 1621 1414 1652 virtutis

106 1676 374 1717 Theophrasteae,
394 1675 543 1716 suavitas,
563 1675 602 1706 ad
617 1677 792 1716 γλαφυρόν
811 1675 952 1707 accessit.
982 1677 1093 1717 Δεινῷ
1114 1679 1292 1716 χαρακτῆρι
1311 1684 1415 1715 neque

107 1729 315 1772 subiungitur
339 1730 406 1760 ulla
433 1729 535 1760 virtus
563 1740 667 1769 neque
694 1730 802 1770 potest
830 1728 994 1770 subiungi,
1024 1728 1098 1769 quia
1126 1728 1194 1758 eius
1218 1727 1348 1768 propria
1368 1726 1414 1758 vis

108 1783 212 1814 omnis
237 1782 384 1814 consistit
409 1783 443 1813 in
466 1782 574 1823 rebus,
601 1781 686 1819 λέξις
712 1782 748 1813 δὲ
775 1781 996 1822 λαμβανέσθω
1022 1786 1125 1822 πᾶσα,
1153 1780 1213 1822 ὅση
1239 1779 1293 1811 καὶ
1318 1779 1354 1811 ἐν
1374 1784 1423 1823 τῷ

107 1839 346 1878 μεγαλοπρεπεῖ
361 1840 540 1877 χαρακτῆρι
554 1836 641 1876 πλὴν
660 1835 721 1867 οὐκ
737 1834 789 1867 ἐπὶ
804 1835 841 1866 τὸ
856 1835 936 1867 αὐτὸ
952 1834 1044 1872 τέλος
1059 1832 1162 1876 (272).
1187 1833 1280 1870 Quod
1298 1833 1416 1864 nihilo-

198 1951 224 1982 1)
243 1949 302 1981 Quo
321 1949 412 1984 magis
432 1958 568 1976 summam
587 1949 688 1983 probo,
707 1958 739 1976 eo
758 1949 850 1975 minus
869 1949 898 1975 in
918 1948 1050 1983 singulis,
1070 1948 1104 1974 de
1123 1948 1224 1981 quibus
1245 1948 1327 1974 aliter
1345 1947 1416 1973 mihi

108 1989 290 2016 iudicandum
313 1989 435 2022 videtur,
459 1990 587 2016 haerebo.
618 1989 669 2016 Sed
691 1990 727 2015 ad
747 1989 830 2015 fidem
853 1989 1013 2015 faclendam
1033 1989 1167 2015 adnotare
1191 1988 1276 2014 liceat
1294 1996 1338 2014 me
1359 1987 1416 2013 alia

108 2029 155 2056 via
186 2031 271 2063 atque
306 2029 478 2056 Schmidium
506 2038 682 2065 progressum
708 2030 826 2056 eandem
851 2030 1019 2056 sententiam
1049 2029 1083 2055 de
1111 2028 1200 2054 libelli
1224 2028 1317 2054 indole
1351 2036 1415 2054 con-

109 2078 223 2104 cepisse.

198 2111 225 2142 2)
244 2109 372 2144 Prolegg.
391 2119 418 2143 p.
433 2109 534 2136 XXIV:
555 2109 731 2143 „Demetrius
750 2118 805 2136 non
829 2110 890 2142 περὶ
915 2109 1098 2144 χαρακτήρων
1121 2107 1204 2142 λόγου
1228 2108 1414 2142 Theophrasti

110 2149 248 2184 disputat:
277 2150 390 2176 omnino
416 2150 490 2176 enim
515 2158 566 2176 nec
592 2150 647 2176 trie,
670 2149 720 2176 illa
739 2158 842 2184 genera
861 2150 948 2176 habet
966 2158 1026 2182 nec,
1045 2149 1119 2182 quod
1148 2148 1343 2182 gravissimum
1364 2149 1415 2179 est,

109 2189 283 2223 singulorum
302 2189 468 2223 scriptorum
483 2189 568 2222 φύσιν
582 2191 666 2222 atque
686 2189 849 2222 προαίρεσιν
869 2189 1016 2221 describit3
1037 2188 1098 2223 agit
1112 2190 1206 2214 autem
1223 2189 1286 2220 περὶ
1306 2188 1414 2214 ἰδεῶνἝ

109 2230 201 2262 Atque
221 2237 283 2255 cum
303 2228 475 2255 Schmidium
494 2229 548 2255 hoc
566 2229 627 2256 loco
647 2238 701 2256 non
727 2229 826 2255 afferat
845 2230 988 2262 Mayerus,
1013 2228 1120 2254 conicio
1141 2236 1203 2254 eum
1227 2236 1338 2261 quoque
1357 2227 1415 2253 alia

109 2269 155 2295 via
173 2269 208 2294 ad
228 2269 346 2295 eundem
367 2269 449 2295 finem
467 2269 632 2302 pervenisse.
663 2269 769 2302 cetera,
789 2278 861 2303 quae
876 2270 910 2295 de
930 2269 1037 2295 ratione
1056 2269 1130 2294 inter
1144 2267 1366 2301 Theophrastum
1387 2268 1415 2293 et

109 2309 281 2335 Demetrium
301 2308 371 2335 dicit
389 2312 426 2343 (p.
441 2308 582 2342 XXVsq.)‚
602 2309 671 2335 mihi
690 2318 745 2335 non
763 2309 927 2342 probantur.
