1566 2592
210 158 250 185 De
269 158 404 184 virtutum
424 157 536 184 dicendi
555 157 584 183 in
604 157 715 191 scriptis
735 156 840 182 criticis
859 165 911 182 usu
931 157 1016 190 atque
1035 155 1151 182 ratione.
1300 155 1338 187 81

33 240 131 282 cipua
150 239 271 272 virtus“
290 238 333 281 (X
351 238 455 280 1,37>.
484 238 591 278 Atque
611 237 719 269 statim
740 237 773 268 in
789 237 930 269 Homero
950 239 1042 268 notat
1059 237 1290 268 sublimitatem
1309 238 1341 268 et

34 294 263 335 proprietatem
283 291 316 334 (i.
331 302 356 323 e.
376 293 502 331 κυρίων
520 290 638 332 usum).
667 291 717 321 Ad
737 291 885 331 virtutes,
911 301 990 331 quas
1010 290 1185 332 Dionysius
1208 301 1267 321 nos
1287 290 1341 321 do-

35 347 109 385 cuit,
127 338 225 377 etiam
245 345 323 377 haec
344 345 439 376 verba
458 344 631 385 pertinent:
650 343 755 385 „Idem
776 343 878 375 laetus
894 354 931 375 ac
950 355 1077 384 pressus
1098 341 1206 385 (ἦθος,
1216 342 1341 386 πάθος)

33 399 191 431 iucundus
215 400 246 430 et
270 397 376 440 gravis
400 397 511 440 (ἡδύς,
535 395 796 439 μεγαλοπρεπής)
819 398 887 428 111111
907 397 999 437 copia
1018 399 1087 428 tum
1107 397 1264 428 brevitate
1283 397 1340 428 mi-

32 452 162 492 rabilis“
181 451 224 494 (X
242 452 268 492 1,
278 450 344 494 46).
374 450 435 482 Sed
454 450 532 482 haec
550 461 616 482 non
633 450 695 481 nisi
718 461 816 491 parva
840 450 976 492 vestigia
1000 452 1075 481 sunt
1095 452 1126 481 et
1145 450 1248 481 maior
1267 461 1340 491 pars

30 505 142 537 iudicii
159 504 336 537 Homerum
357 503 498 536 ostendit
516 504 696 545 exemplum
716 503 891 545 praefandi,
910 503 1068 543 narrandi,
1087 503 1340 545 argumentandi,

30 557 241 590 concludendi
261 557 306 599 (X
328 556 520 599 1,48—51).
550 556 712 588 Orationis
733 557 832 599 igitur
850 556 997 598 partibus
1017 556 1141 588 nititur.
1173 555 1223 587 Ita
1242 557 1339 588 etiam

29 622 71 644 ex
99 610 342 652 insequentibus
371 610 497 642 iudiciis
527 610 633 642 dedita
658 621 755 651 opera
780 610 919 641 maxima
944 621 1018 651 pars
1045 610 1201 641 virtutum
1228 609 1339 652 colligi

28 666 147 706 potest.
176 664 224 695 De
244 664 358 695 decoro
379 664 456 695 dicit
470 664 639 705 praecipue
654 663 683 695 X
701 665 728 705 1,
740 663 790 704 70,
811 663 848 694 de
863 674 942 704 pura
961 663 1141 695 elocutione
1160 663 1278 694 ibidem
1295 663 1338 695 65

29 717 80 749 vel
102 717 175 759 114,
195 717 233 749 de
253 717 410 748 brevitate
429 717 555 758 saepius
579 717 677 748 veluti
698 717 754 748 63:
777 717 908 758 „Brevis
929 715 1122 759 (σύντομος)
1141 718 1173 748 01
1193 717 1339 759 magnifi-

29 771 111 802 ficus
134 769 409 813 (μεγαλοπρεπής)
433 772 466 801 et
489 770 625 812 diligens
644 770 795 812 (ἀκριβὴς
814 771 874 811 τὴν
893 769 1108 812 ὃιοὶλεκτον).“
1140 769 1337 811 Frequenter

27 825 170 855 occurrit
188 823 236 855 vis
256 822 434 866 (δεινότης)
454 826 486 854 01
504 824 654 866 gravitas.
687 823 808 855 Tamen
827 823 905 854 adeo
925 823 1068 865 dispersa
1086 823 1165 855 haec
1185 826 1273 865 sunt,
1301 825 1338 854 ut

26 879 152 919 certum
176 877 319 909 ordinem
340 877 494 908 virtutum
516 877 647 908 subesse
666 888 760 908 nemo
782 877 1024 908 animadvertat.
1053 876 1257 919 Quantopere
1276 877 1337 908 vir-

27 931 115 962 tutes
143 930 176 962 in
204 930 331 962 iudiciis
359 930 572 971 occultentur,
599 941 664 962 uno
693 930 839 972 exemplo
868 930 945 962 satis
975 930 1144 962 manifesto
1173 931 1337 972 probatur,

25 994 92 1025 quo
109 983 292 1015 Ciceronem
314 983 452 1015 breviter
471 994 543 1014 cum
558 983 775 1015 Demosthene
792 986 963 1025 comparat.
993 983 1081 1015 Haec
1100 983 1184 1015 enim
1204 984 1337 1016 exhibet

26 1036 58 1068 X
75 1039 103 1078 1,
115 1037 190 1069 106:
209 1036 370 1079 „Quorum
390 1047 448 1079 ego
469 1037 595 1069 virtutes
609 1038 776 1078 plerasque
791 1037 930 1068 arbitror
945 1037 1074 1078 similes,
1089 1037 1270 1076 consilium,
1284 1049 1336 1069 or—

25 1089 143 1132 dinem,
162 1090 332 1131 dividendi,
351 1089 572 1131 praeparandi,
592 1090 750 1131 probandi
768 1090 938 1131 rationem,
959 1090 1066 1122 omnia
1085 1090 1234 1131 denique,
1255 1102 1335 1132 quae

24 1145 103 1175 sunt
130 1138 324 1175 inventionis
353 1144 589 1185 (πραγματικὸς
607 1142 735 1185 τόπος),
758 1144 792 1174 111
815 1143 993 1184 eloquendo
1018 1142 1130 1186 (λέξις)
1156 1146 1204 1175 est
1227 1144 1336 1186 aliqua

26 1196 207 1229 diversitas:
228 1197 354 1228 densior
369 1197 432 1237 1110,
450 1196 503 1227 1110
518 1196 685 1238 copiosior,
705 1196 758 1228 ille
774 1197 938 1229 concludit
953 1197 1147 1238 adstrictius,
1160 1197 1213 1229 hic
1227 1198 1334 1239 latius,

25 1253 150 1292 pugnat
168 1250 223 1282 ille
242 1250 386 1282 acumine
406 1261 539 1291 semper,
558 1249 611 1281 1110
629 1250 815 1291 frequenter
834 1252 865 1282 et
880 1251 1029 1292 pondere,
1047 1250 1095 1282 illi
1110 1250 1192 1282 nihil
1209 1251 1334 1283 detrahi

24 1306 145 1347 potest,
168 1303 245 1335 111110
267 1303 349 1335 1111111
373 1303 468 1343 adici,
492 1314 586 1335 curae
609 1303 682 1345 plus
707 1303 740 1335 111
764 1304 833 1345 illo,
858 1304 891 1335 in
909 1304 971 1336 hoc
990 1303 1181 1347 naturae.“¹)
1211 1304 1280 1342 Qua
1300 1305 1333 1336 in

22 1357 150 1388 ratione
169 1357 330 1388 iudicandi
349 1354 574 1398 propinquitas
595 1356 750 1397 quaedam
773 1368 844 1389 011111
869 1357 1043 1389 virtutibus
1066 1357 1258 1390 elocutionis
1282 1359 1334 1390 de-

24 1410 247 1452 prehenditur,
270 1412 467 1451 quantopere
491 1412 598 1441 autem
623 1421 640 1441 a
662 1410 785 1443 sincera
810 1410 963 1442 virtutum
989 1411 1134 1443 doctrina
1156 1411 1275 1444 Fabius
1299 1413 1333 1444 in

23 1466 115 1505 parte
129 1462 204 1505 περὶ
220 1465 384 1505 μιμήσεως
398 1464 460 1495 iam
477 1464 651 1504 secesserit,
669 1463 896 1505 intellegimus,
912 1465 937 1495 si
955 1464 1102 1506 Dionysii
1118 1465 1332 1498 elocutionem

25 1515 241 1548 Herodoteam
260 1527 332 1549 cum
348 1516 535 1558 Thucydide
550 1517 765 1558 comparantis
784 1517 1028 1549 reminiscimur.
1057 1518 1178 1550 Tamen
1192 1519 1332 1551 animad-
1368 1536 1375 1561 :³

22 1569 212 1601 vertendum
231 1572 280 1602 est
294 1569 429 1602 Fabium
444 1570 618 1601 virtutibus
633 1570 772 1602 voluisse
787 1571 836 1603 uti
854 1581 957 1612 neque
974 1570 1092 1603 iudicia
1111 1583 1169 1603 sua
1186 1573 1332 1614 posuisse

22 1623 57 1654 in
76 1633 228 1665 generum
249 1623 372 1655 dicendi
393 1623 607 1655 distinctione.
1367 1617 1369 1619 ¹

113 1676 181 1708 Iam
201 1677 240 1708 ad
261 1676 443 1708 Ciceronem
463 1677 572 1708 redeat
589 1679 699 1709 nostra
719 1677 909 1719 disputatio,
933 1678 989 1719 qui
1008 1679 1041 1710 in
1060 1678 1159 1720 libro,
1178 1690 1272 1721 quem
1293 1680 1331 1712 de

20 1729 117 1761 claris
137 1730 318 1761 oratoribus
337 1730 376 1761 ad
391 1730 529 1761 Brutum
549 1731 686 1772 scripsit,
705 1742 778 1762 cum
793 1730 922 1763 Graecis
936 1732 999 1763 nisi
1014 1733 1219 1774 comparandi
1236 1744 1331 1765 causa

21 1782 129 1814 locum
148 1794 215 1815 non
234 1783 332 1824 daret,
355 1783 456 1815 multo
472 1783 600 1826 longius
616 1795 634 1815 a
648 1783 796 1825 Dionysii
817 1784 943 1816 iudiciis
958 1785 1075 1817 distare
1090 1786 1217 1818 videtur
1233 1798 1329 1828 quam

20 1834 150 1868 Fabius.
179 1835 241 1868 Sed
259 1836 403 1877 personis
421 1836 500 1868 haec
519 1837 698 1869 differentia
717 1838 911 1879 continetur,
931 1849 996 1870 non
1016 1839 1177 1871 iudicandi
1196 1840 1329 1873 ratione.

19 1888 115 1927 Quod
135 1890 220 1921 enim
239 1890 280 1921 ad
296 1892 396 1922 artem
411 1890 603 1922 rhetoricam
624 1891 749 1932 attinet,
767 1891 849 1923 nihil
863 1891 975 1923 dubito
993 1892 1128 1924 Brutum
1144 1892 1327 1926 Tullianum

19 1941 56 1974 in
74 1942 114 1974 iis
133 1942 224 1974 libris
242 1954 419 1984 numerare,
438 1943 494 1985 qui
509 1943 548 1975 de
562 1943 743 1975 imitatione
757 1943 846 1986 (περὶ
861 1945 1040 1988 μιμήσεως)
1055 1948 1130 1978 811111
1145 1947 1328 1989 conscripti.

18 1994 72 2027 Ita
84 1997 197 2035 ’autem
216 2006 283 2027 rem
303 2007 336 2028 se
355 1996 472 2028 habere
492 2008 531 2028 ne
550 1998 636 2029 ultro
655 1997 716 2029 tibi
735 2008 774 2028 ex
793 1997 869 2029 libri
883 1998 1024 2030 Tulliani
1043 1999 1150 2031 indole
1174 2006 1328 2043 occurrat,

18 2048 160 2090 primum
180 2049 307 2090 quidem
327 2049 435 2082 obstat
453 2050 587 2082 Latinae
612 2050 812 2092 eloquentiae
836 2063 854 2083 a
874 2051 1004 2084 Graecis
1024 2053 1149 2084 diversa
1173 2054 1327 2087 condicio.

112 2163 137 2196 1)
157 2162 240 2196 vide,
268 2171 384 2196 quaeso,
410 2172 494 2197 quam
519 2164 590 2191 bene
614 2166 800 2199 cognoscatur
822 2165 851 2192 in
875 2166 927 2192 hoc
951 2166 986 2192 de
1010 2166 1197 2194 Demosthene
1221 2167 1326 2195 iudicio

19 2202 177 2229 Atticorum
201 2203 362 2230 auctoritas.
391 2203 605 2231 Demosthenem
629 2205 716 2234 0111111,
741 2213 823 2239 quem
843 2205 983 2232 Ciceronis
1008 2208 1101 2232 aetate
1129 2207 1326 2241 neglegebant.

19 2242 146 2269 Atticum
171 2251 227 2270 non
252 2245 384 2277 poterant
406 2252 462 2270 non
481 2245 647 2271 existimare.
677 2245 731 2271 Sed
755 2245 814 2272 eius
838 2246 1002 2273 facultatem
1026 2247 1061 2272 ad
1086 2255 1165 2273 suam
1188 2248 1326 2274 rationem

19 2282 277 2317 interpretabantur
300 2283 422 2317 (densior
437 2300 470 2303 —
485 2285 647 2311 adstrictius
662 2300 695 2304 —
711 2285 838 2311 acumine
857 2287 967 2320 pugnat
982 2302 1014 2305 —
1030 2286 1119 2313 brevis
1139 2287 1181 2313 est
1197 2303 1228 2306 —
1244 2289 1326 2314 natu-

18 2331 79 2349 ram
99 2323 244 2357 sequitur),
264 2323 386 2350 Tullium
405 2324 435 2350 in
453 2324 565 2350 Asianis
585 2324 770 2352 collocabant.

75 2372 191 2392 Stroux:
206 2373 240 2392 De
256 2373 408 2396 Theophrasti
422 2373 545 2393 virtutibus
560 2374 655 2393 dicendi.
1094 2374 1108 2396 (3
