1566 2592
213 147 254 174 De
273 146 407 173 virtutum
426 145 538 172 dicendi
557 144 586 170 in
605 143 717 177 scriptis
737 142 842 169 criticis
860 150 912 168 usu
932 142 1016 174 atque
1035 140 1153 167 ratione.
1300 138 1340 169 77

129 229 209 261 Cum
223 227 354 269 reliquis
369 227 449 258 locis
464 225 566 258 coacti
586 235 727 256 essemus
747 234 786 255 ex
801 223 901 264 ipsius
922 222 1031 254 iudicii
1052 222 1175 253 ratione
1194 220 1346 262 colligere

36 282 154 322 ,λέξεως
173 281 389 324 partitionem,
409 290 490 321 quae
508 279 538 310 ei
557 278 711 318 subesset,
729 277 792 309 hoc
811 276 1002 318 gravissimo
1021 276 1093 306 loco
1109 276 1221 306 auctor
1234 272 1347 305 funda-

37 330 155 377 menta,
178 335 212 366 in
231 334 347 376 quibus
367 333 522 365 iudicium
540 331 711 371 construit,
732 330 818 362 ultro
838 329 987 361 ostendit.
1020 327 1152 369 Duplici
1172 329 1278 358 autem
1299 338 1346 358 ra-

35 390 128 421 tione
151 387 235 426 λέξις
259 388 449 428 διαιρεῖται,
475 386 505 417 in
532 387 638 427 partes
662 382 773 426 (μέρη)
797 384 830 414 et
853 382 887 414 in
906 382 1042 413 virtutes
1062 379 1218 423 (ἀρετάς).
1247 379 1347 412 Nulla

35 443 165 475 videtur
180 442 264 473 inter
282 442 451 481 utramque
470 439 659 470 divisionem
675 447 744 469 esse
759 435 953 469 coniunctio.
982 434 1078 475 Μέρη
1095 436 1200 465 autem
1216 433 1348 465 minori-

37 495 97 528 bus
115 494 260 537 partibus
281 493 406 525 omissis
426 492 504 524 haec
523 494 598 523 sunt
617 491 694 523 tria:

281 564 304 597 I.
320 562 459 605 Ἐκλογὴ
478 569 545 595 τῶν
564 562 746 603 ὀνομάτων,

265 617 305 650 II.
325 618 496 654 Σύνθεσις
514 621 582 648 τῶν
600 615 782 656 ὀνομάτων,

249 670 304 703 ΠΙ.
325 669 523 712 ἀμφοτέροις
541 668 726 710 συμβέβηκε
744 668 784 700 τὰ
803 667 991 708 καλούμενα
1010 667 1176 708 Σχήματα.

126 743 247 775 Eadem
259 742 341 784 μέρη
356 741 440 783 apud
446 740 702 781 Theophrastum
717 739 816 771 fuisse
830 738 1039 780 cognovimus
1050 736 1196 780 (Dionys.
1204 736 1242 768 de
1249 735 1346 768 Isocr.

32 797 93 829 c.3
109 797 148 829 cf.
159 807 255 838 supra
269 807 299 837 p.
313 793 430 837 l9sq.),
450 794 505 826 sed
518 805 583 826 non
603 795 693 825 extra
712 793 867 824 virtutum
886 791 1084 833 provinciam
1104 791 1224 832 posita3
1245 790 1345 821 immo
1382 802 1393 836 ξ

35 861 111 882 vero
134 850 212 882 haec
231 850 336 890 capita
355 847 528 880 virtutibus
548 847 692 879 subiecta
711 848 794 878 sunt.
822 845 942 876 Eadem
962 845 1085 876 ratione
1108 844 1204 875 etiam
1223 842 1344 884 Diony-

36 904 103 936 sius
117 903 157 935 ad
171 905 315 935 ornatam
324 901 481 934 Herodoti
496 901 707 932 elocutionem
725 898 964 931 describendam
976 909 1012 929 ea
1026 897 1174 928 adhibuit
1189 896 1233 938 (p.
1246 896 1310 928 865
1319 896 1347 927 R

33 968 61 989 c.
77 955 148 999 23):
176 954 273 994 οὗτος
299 954 335 987 δὲ
361 955 443 987 κατά
468 966 503 986 τε
528 955 590 995 τὴν
616 953 782 994 ἐκλογὴν
808 958 874 984 τῶν
900 951 1072 991 ὀνομάτων
1098 949 1152 982 καὶ
1179 950 1260 982 κατὰ
1286 950 1348 991 τὴν

36 1010 231 1042 σύνθεσιν
249 1008 304 1041 καὶ
323 1009 404 1041 κατὰ
423 1008 484 1049 τὴν
502 1013 570 1039 τῶν
589 1011 870 1048 σχηματισμῶν
892 1006 1061 1036 ποικιλίαν
1084 1008 1198 1046 μακρῷ
1219 1004 1261 1044 δή
1280 1015 1347 1035 τινι

32 1064 114 1101 τοὺς
132 1063 252 1100 ἄλλους
270 1062 499 1103 ὑπερεβάλετο.
528 1061 671 1102 Apparet
690 1060 803 1102 igitur,
827 1069 908 1100 quae
927 1058 1143 1089 intercesserit
1161 1058 1246 1089 inter
1264 1056 1346 1099 μέρη

34 1117 92 1148 illa
111 1118 143 1148 et
164 1115 280 1157 ἀρετὰς
299 1115 414 1153 λέξεως
432 1114 624 1146 coniunctio.
649 1112 711 1145 Sed
731 1113 771 1144 ad
785 1112 921 1144 virtutes
941 1111 1114 1143 veniamus.
1143 1109 1346 1151 Comparatis

35 1170 89 1209 iis,
113 1180 194 1211 quae
214 1169 247 1200 in
271 1168 488 1210 disputatione
512 1167 551 1199 de
570 1166 756 1208 Thucydide
779 1167 892 1207 postea
916 1164 1131 1206 explicantur,
1155 1166 1187 1195 et
1210 1164 1282 1196 loco
1307 1174 1346 1194 ex

32 1223 174 1265 epistula
192 1222 232 1254 ad
250 1218 441 1264 Pompeium
461 1221 558 1253 allato
577 1221 657 1252 haec
675 1220 831 1251 virtutum
852 1217 995 1260 tabulal)
1015 1218 1233 1259 componitur:

280 1292 304 1325 Ι,
323 1291 446 1335 Ἀρεταὶ
465 1292 650 1332 Ἀναγκαῖαι

358 1348 385 1377 1.
404 1346 537 1386 καθαρὰ
556 1344 641 1384 λέξις

357 1400 385 1431 2.
405 1399 513 1440 σαφὴς
533 1398 616 1437 λέξις

356 1453 385 1485 3.
404 1453 568 1493 σύντομος
587 1451 672 1490 λέξις

762 1370 802 1403 ad
821 1370 931 1412 Pomp.
946 1382 976 1412 p.
992 1368 1223 1411 239,5U—R‚

763 1424 800 1456 de
819 1424 961 1466 Thucyd.
977 1435 997 1464 p
1022 1422 1127 1464 360,2
1138 1421 1252 1454 U—R.

33 1555 112 1588 quod
130 1555 204 1581 ratio
222 1553 348 1589 postulat
366 1562 422 1580 non
440 1553 532 1579 minus
552 1561 636 1586 quam
655 1551 838 1587 grammatica
859 1551 964 1586 regula.
994 1550 1193 1576 Adnotandum
1218 1550 1270 1576 hoc
1294 1550 1345 1582 est⁷

33 1594 104 1628 quia
123 1594 331 1629 Geigenmiiller
349 1593 378 1620 in
397 1593 462 1620 utili
482 1601 540 1626 suo,
559 1601 642 1626 quem
661 1600 746 1626 saepe
765 1591 860 1624 affero,
879 1591 951 1618 libro
966 1600 993 1625 p.
1005 1593 1039 1617 33
1054 1592 1129 1617 certe
1148 1590 1219 1616 falso
1238 1590 1273 1616 de
1291 1589 1347 1615 vit-

32 1634 153 1667 tutibus,
173 1643 242 1668 quas
261 1634 365 1660 multas
384 1641 444 1660 esse
458 1633 609 1667 Dionysius
624 1633 752 1664 affirmet,
771 1632 921 1666 intellegit.
950 1631 1126 1664 Quamquam
1146 1631 1210 1656 sunt
1230 1629 1347 1664 scripto-

34 1683 92 1707 res,
116 1674 166 1708 qui
182 1675 264 1701 tanta
282 1674 394 1700 dicendi
413 1673 530 1700 licentia
552 1674 682 1705 utuntur,
706 1674 802 1699 tamen
821 1671 971 1705 Dionysius
996 1671 1031 1697 de
1054 1670 1205 1697 virtutibus
1229 1670 1347 1696 dixisset

33 1715 152 1742 οὐσῶν.
182 1714 250 1748 Sed,
268 1715 301 1741 ut
319 1714 387 1747 dixi,
406 1713 492 1740 etiam
511 1713 651 1740 sententia
669 1712 803 1747 postulat,
822 1713 855 1738 ut
873 1712 987 1738 verbum
1007 1720 1069 1737 curn
1088 1710 1279 1744 θεωρημάτων
1297 1710 1347 1736 καὶ

34 1754 272 1789 παραγγελμάτων
291 1754 485 1788 coniungatur,
505 1762 577 1787 quae
596 1753 746 1786 Dionysius
766 1752 869 1784 omisit,
889 1760 924 1778 ne
943 1751 1042 1785 longus
1062 1752 1144 1777 esset.

127 1796 152 1829 1)
172 1794 297 1821 Similem
316 1793 442 1820 tabulam
467 1793 624 1828 composuit
642 1793 773 1819 Ammon:
797 1792 838 1818 De
857 1791 986 1825 Dionysii
1005 1789 1261 1817 Halicarnassensis
1285 1790 1346 1816 fon-

33 1834 120 1862 tibus.
149 1834 221 1861 Diss.
241 1834 368 1861 Monach.
391 1836 458 1860 1889
477 1843 504 1868 p.
521 1837 567 1867 64,
591 1833 669 1867 Rhys
689 1832 820 1859 Roberts:
844 1831 995 1866 Dionysius
1017 1831 1049 1857 of
1065 1830 1155 1857 Halic.
1184 1830 1243 1856 The
1266 1830 1346 1856 three

38 1874 155 1908 literary
176 1874 293 1907 Letters,
316 1873 483 1909 Cambridge
504 1876 571 1900 1901
599 1882 625 1907 p.
643 1876 703 1899 172.
731 1872 800 1899 Eam
827 1874 934 1904 autem,
960 1880 1045 1905 quam
1070 1870 1203 1905 proponit
1228 1869 1347 1904 Geigen-

34 1913 150 1941 miiller:
177 1914 360 1946 Quaestiones
380 1913 570 1947 Dionysianae
589 1913 624 1940 de
642 1912 786 1940 vocabulis
806 1912 875 1938 artis
896 1911 1024 1938 criticiae
1042 1920 1069 1945 p.
1086 1913 1133 1943 34,
1152 1910 1270 1944 probare
1290 1918 1346 1936 non

37 1962 158 1988 possum.
178 1954 260 1981 Falso
275 1955 396 1988 temptat
410 1953 558 1984 ἐπιθέτους
572 1953 740 1987 subiungere
760 1952 901 1987 capitibus
921 1949 993 1986 ἦθος
1008 1952 1036 1978 et
1050 1950 1145 1981 πάθος
1160 1951 1244 1984 atque
1260 1949 1346 1977 καλόν

34 1995 67 2020 et
86 1994 139 2028 ἡδύ
158 1995 202 2029 (ex
219 1993 292 2021 libro
312 1994 347 2020 de
366 2002 454 2028 comp.
470 1994 542 2020 verb.
561 1993 719 2027 arcessitis).
748 1992 838 2018 Invito
853 1992 987 2025 Dionysio
1007 1991 1059 2018 hoc
1078 1991 1186 2017 factum
1205 1992 1255 2017 est.
1284 1990 1346 2016 Etsi

34 2033 111 2060 enim
131 2031 203 2068 ἦθος
221 2042 284 2060 cum
302 2033 345 2066 iis.
365 2041 438 2068 quae
458 2034 494 2060 ad
513 2034 682 2060 suavitatem
700 2032 850 2066 pertinent,
870 2033 898 2058 et
916 2031 1013 2063 πάθος
1031 2040 1094 2057 cum
1110 2031 1137 2057 vi
1157 2032 1185 2057 et
1203 2030 1346 2064 magnitu-

37 2073 103 2100 dine
123 2074 260 2106 cohaeret,
279 2073 356 2100 velut
373 2082 417 2100 res
437 2082 500 2100 cum
517 2073 619 2106 verbis,
637 2075 732 2099 tamen
751 2081 807 2099 non
826 2073 877 2105 est,
897 2079 945 2098 cur
964 2071 1098 2098 virtutum
1117 2070 1284 2097 elocutionis
1304 2070 1346 2096 di-

37 2113 107 2140 visio
126 2113 170 2140 his
190 2113 298 2140 duobus
320 2113 459 2147 capitibus
484 2113 676 2148 subiungatur.
706 2112 826 2139 Omnino
850 2111 971 2138 arbitror
994 2120 1057 2138 eum
1083 2111 1174 2145 magis
1198 2119 1231 2137 ex
1254 2110 1346 2136 verbis

34 2153 130 2187 specie
149 2153 265 2180 diversis
284 2162 369 2187 quam
388 2161 421 2179 ex
439 2153 522 2180 rebus
541 2153 650 2180 ratione
670 2152 786 2179 diversis
805 2152 933 2179 tabulam
952 2151 1148 2185 composuisse.
1179 2150 1208 2176 Si
1227 2150 1301 2176 enim
1320 2150 1347 2176 ei

38 2193 144 2226 virtuti,
164 2202 246 2227 quam
266 2201 316 2219 nos
334 2193 360 2219 ΙΙ
375 2195 390 2218 3
410 2193 624 2226 numeravimus,
645 2192 757 2219 addidit
775 2190 988 2226 μεγαληγορίαν,
1007 2191 1134 2225 μέγεθος,
1155 2189 1346 2224 σεμνολογίαν,

38 2232 154 2267 ἀξίωμα,
173 2232 263 2266 πίνος,
282 2233 350 2259 haec
370 2233 464 2259 omnia
483 2233 540 2259 alia
557 2233 672 2260 nomina
691 2233 756 2259 sunt
775 2232 900 2259 eiusdem
919 2231 968 2258 rei.
998 2231 1051 2257 Sed
1071 2232 1166 2257 nostra
1185 2238 1240 2257 non
1259 2230 1346 2256 inter-

34 2274 89 2306 est,
108 2281 193 2308 quam
213 2273 328 2300 diversis
346 2273 505 2299 nominibus
523 2274 620 2299 utatur
638 2272 766 2299 variandi
785 2280 870 2299 causa
889 2271 1053 2305 Dionysius,
1082 2270 1237 2297 doctrinam
1259 2270 1347 2296 virtu-

36 2314 98 2340 tum
117 2321 283 2348 cognoscere
301 2313 436 2340 volumus.
464 2313 579 2340 Rectius
598 2313 718 2339 Roberts
736 2312 754 2338 l.
770 2320 793 2338 c.
