1566 2592
188 165 231 198 36
770 164 861 200 eaput
879 165 925 192 111.

187 248 231 289 μὴ
246 249 390 288 ταπεινή.
425 248 584 285 Ταπεινός
603 248 711 279 autem
731 248 763 278 οἱ,
778 247 942 285 ἰδιωτικός
956 258 1137 288 synonyma
1151 249 1235 279 sunt.
1268 247 1503 290 Psyohologiee

188 311 316 342 quoque
340 301 498 333 rationem
522 300 667 344 fugiendi
692 300 886 342 ἰδιωτισμοῦ
906 300 1080 343 explicavit
1100 300 1252 333 1404b6:
1279 302 1323 342 μὴ
1342 302 1503 343 ταπεινὴν

187 355 271 386 ἄλλα
299 354 548 396 κεκοσμημένην
575 352 691 397 (ποιεῖ)
719 351 823 386 τᾶλλα
848 354 1012 395 ὀνόματα,
1037 354 1099 386 ὅσα
1122 354 1248 396 εἴρηται
1270 354 1308 386 ἐν
1333 360 1402 392 τοῖς
1426 353 1502 396 περὶ

186 412 369 450 ποιητικῆς·
398 408 435 440 τὸ
459 408 522 450 γὰρ
547 406 717 446 ἑξαλλάξαι
741 413 832 439 ποιεῖ
853 409 1036 449 φαίνεσθαι
1061 407 1275 450 σεμνοτέραν·
1305 408 1414 448 ὥσπερ
1439 408 1501 450 γὰρ

185 462 269 504 πρὸς
287 463 366 500 τοὺς
380 460 496 500 ξένους
511 461 543 494 οἱ
557 462 733 503 ἅνθρωποι
752 461 806 493 καὶ
825 461 907 502 πρὸς
926 462 1005 498 τοὺς
1023 462 1160 499 πολίτας
1178 462 1215 494 τὸ
1236 461 1317 494 αὐτὸ
1336 461 1502 503 πάσχουσι

185 516 240 547 καὶ
266 515 349 557 πρὸς
374 516 435 557 τὴν
461 514 562 553 λέξιν·
590 515 643 547 διὸ
671 515 722 546 δεῖ
746 520 856 546 ποιεῖν
882 514 980 555 ξένην
1005 515 1066 555 τὴν
1092 515 1265 547 διάλεκτον
1291 514 1501 558 (eontrarium

187 569 335 610 ἰδιωτικὴ
357 567 468 611 λε’ξις)·
488 567 678 609 θαυμασταὶ
699 569 761 610 γὰρ
782 573 849 600 τῶν
868 567 1022 599 ἀπόντων
1045 568 1145 609 εἰσίν,
1168 568 1232 610 ἡδὺ
1257 567 1294 601 δὲ
1313 569 1351 602 τὸ
1370 571 1501 610 θαυμα-

186 624 268 654 στόν
287 622 385 654 ἐστιν.
423 621 513 654 Haeo
532 621 634 664 igitur
652 632 748 654 causa
768 623 830 662 est,
856 632 912 653 cur
931 621 1066 664 effugiat
1088 623 1198 654 orator
1219 622 1279 654 τὸν
1299 622 1500 663 ἰδιωτισμόν.

187 675 279 714 Quod
310 676 381 708 fieri
409 687 473 707 non
502 677 610 718 potesss
636 675 699 707 nisi
729 675 941 716 ornamentis3
974 674 1060 715 vide,
1088 677 1125 706 ut
1152 676 1334 716 exemplum
1361 675 1501 717 afferam,

189 728 338 761 1405a9:
353 730 390 761 τὸ
402 728 532 768 ξενικὸν
542 728 607 771 ἔχει
618 729 758 770 μάλιστα
769 729 788 770 ἡ
804 729 974 770 μεταφορά
985 727 1164 771 (14041236
1171 728 1253 771 eta).
1273 728 1382 760 Etiam
1396 729 1500 772 magis

186 783 226 814 ad
246 782 428 815 Stoicorum
450 783 669 814 definitionem
689 782 844 814 accedunt
862 782 942 814 haec
962 782 994 813 in
1019 781 1158 814 Poeticis
1182 781 1354 814 1458a18:
1379 791 1502 824 σαφεσ-

183 837 261 878 τάτη
282 835 396 879 (λέξις)
417 862 422 868 .
440 862 445 868 .
462 861 468 868 .
488 836 507 877 ἡ
534 835 569 868 ἐκ
593 841 661 868 τῶν
684 838 812 878 κυρίων
836 836 1025 876 ὀνομάτων,
1049 835 1132 868 ἀλλὰ
1155 837 1302 877 ταπεινή.
1331 837 1444 878 Σεμνὴ
1463 834 1500 869 δὲ

183 890 236 922 καὶ
257 889 546 928 ἐξαλλάττουσα
566 890 608 922 τὸ
630 890 835 922 ἰδιωτικὸν
859 889 878 931 ἡ
903 895 972 927 τοῖς
991 889 1133 928 ξενικοῖς
1152 888 1342 931 κεχρημένη.
1370 888 1501 928 ξενικὸν

183 943 220 975 δὲ
240 943 323 985 λέγω
339 968 346 975 .
362 969 368 975 .
384 969 391 975 .
411 948 479 975 πᾶν
497 944 534 976 τὸ
554 944 642 984 παρὰ
661 943 698 981 τὸ
718 944 836 984 κύριον
856 942 909 985 (cf.
928 941 1112 985 1458231).
1132 942 1246 984 Neque
1266 943 1360 975 aliter
1377 942 1502 976 intelle-

184 997 323 1039 gendum
347 999 404 1038 est,
420 996 506 1038 quod
522 996 600 1028 dicit
618 996 777 1028 Isocrates
797 996 914 1039 Paneg.
932 997 987 1028 11:
1007 996 1095 1034 τινὲς
1114 996 1286 1037 ἐπιτιμῶσι
1306 1001 1373 1028 τῶν
1392 997 1502 1038 λόγων

128 1048 142 1062 ’“
183 1062 225 1082 το
233 1056 266 1088 ῖς
282 1048 378 1092 ὑπὲρ
394 1051 486 1088 τοὺς
502 1051 658 1088 ἰδιώτας
673 1051 796 1092 ἔχουσι.
815 1049 1035 1082 Posteriorum
1050 1049 1215 1082 rhetorum
1230 1050 1307 1082 libri
1322 1049 1410 1092 pleni
1425 1050 1502 1082 sunt

183 1103 412 1146 exemplorum,
432 1103 550 1145 quibus
566 1105 755 1136 ornamenta
774 1103 999 1145 significantur
1017 1115 1034 1134 e
1054 1103 1216 1135 contrario
1237 1104 1442 1144 ἰδιωτισμοῦ,
1461 1114 1500 1135 ex

183 1157 309 1199 quibus,
328 1160 365 1189 ut
392 1168 492 1189 unum
512 1157 657 1198 afferam,
686 1168 749 1199 quo
769 1157 866 1189 etiam
890 1157 979 1189 vocis
998 1158 1183 1198 κατασκευή
1208 1167 1286 1188 usus
1305 1157 1501 1198 illustratur,

182 1211 359 1253 Dionysius
379 1210 482 1242 Halia.
498 1211 535 1242 de
553 1210 626 1252 Lys.
642 1221 665 1242 c.
682 1211 702 1242 3
721 1223 752 1253 p.
767 1210 869 1243 456R
888 1211 968 1243 haec
992 1210 1136 1242 exhibet:
1151 1209 1307 1253 (Λυσίας)
1326 1209 1381 1242 καὶ
1396 1210 1500 1252 σεμνὰ

183 1264 237 1297 καὶ
261 1265 397 1306 περιττὰ
420 1263 475 1296 καὶ
503 1265 629 1306 μεγάλα
648 1265 831 1306 φαίνεσθαι
851 1265 890 1296 τὰ
909 1264 1084 1306 πράγματα
1101 1269 1190 1296 ποιεῖ
1211 1269 1279 1302 τοῖς
1293 1264 1500 1302 κοινοτάτοις

184 1319 352 1360 χρώμενος
368 1318 507 1358 ὀνόμασι
522 1317 576 1350 καὶ
591 1323 798 1359 ποιητικῆς
818 1318 878 1360 οὐχ
894 1318 1076 1360 ἁπτόμενος
1095 1322 1345 1359 κατασκευῆς.
1374 1323 1444 1356 τοῖς
1463 1316 1499 1350 δὲ

182 1371 357 1414 προτέροις
377 1371 437 1413 οὐχ
456 1371 539 1413 αὕτη
559 1371 578 1413 ἡ
599 1372 679 1410 δόξα
698 1370 749 1413 ἦν,
770 1371 853 1404 ἀλλὰ
873 1373 1071 1413 βουλόμενοι
1091 1372 1217 1412 κόσμον
1235 1372 1310 1404 τινὰ
1324 1376 1499 1413 προσεῖναι

182 1431 251 1463 τοῖς
271 1427 392 1467 λόγοις,
414 1424 653 1467 ἐξήλλαττον
672 1426 740 1457 τὸν
761 1426 924 1467 ἰδιώτην
943 1424 998 1457 καὶ
1018 1424 1207 1466 κατέφυγον
1227 1426 1274 1463 εἰς
1292 1425 1354 1466 τὴν
1371 1435 1499 1467 ποιητι-

182 1479 244 1521 κὴν
268 1479 409 1520 φράσιν,
433 1485 636 1521 μεταφοραῖς
659 1490 693 1511 τε
717 1481 854 1517 πολλαῖς
878 1480 1043 1521 χρώμενοι
1063 1477 1117 1510 καὶ
1136 1478 1337 1520 ὑπερβολαῖς
1355 1477 1409 1511 καὶ
1427 1483 1500 1517 ταῖς

182 1533 299 1571 ἄλλαις
317 1538 489 1574 τροπικαῖς
509 1532 626 1574 ἰδέαις,
648 1532 821 1574 ὀνομάτων
840 1544 874 1564 τε
894 1535 1169 1574 γλωττηματικῶν
1187 1531 1242 1564 καὶ
1262 1531 1367 1570 ξένων
1385 1533 1500 1574 χρήσει

181 1586 235 1618 καὶ
260 1592 327 1618 τῶν
351 1586 413 1618 οὐκ
437 1586 609 1619 εἰωθότων
632 1592 866 1628 σχηματισμῶν
890 1593 927 1629 τῇ
952 1586 1113 1627 διαλλαγῇ
1138 1584 1192 1617 καὶ
1216 1590 1255 1628 τῇ
1279 1586 1362 1628 ἄλλῃ
1387 1597 1500 1618 καινο-

183 1642 279 1683 λογίᾳ
298 1641 599 1682 καταπληττόμενοι
619 1640 678 1672 τὸν
698 1640 844 1681 ἰδιώτην.
873 1640 970 1680 δηλοῖ
987 1637 1024 1671 δὲ
1038 1643 1136 1671 τοῦτο
1153 1640 1298 1681 Γοργίας
1311 1650 1346 1671 τε
1360 1638 1379 1672 ὁ
1394 1641 1499 1672 Λεον-

182 1698 273 1731 τῖνος
299 1693 335 1725 ἐν
361 1695 497 1731 πολλοῖς
521 1693 610 1726 πάνυ
637 1695 800 1735 φορτικήν
826 1705 861 1725 τε
887 1692 942 1725 καὶ
967 1692 1157 1735 ὑπέρογκον
1182 1698 1289 1725 ποιῶν
1313 1693 1375 1734 τὴν
1401 1704 1499 1725 κατα-

182 1748 304 1788 σκευήν
320 1772 326 1779 .
343 1772 349 1778 .
365 1773 371 1778 .
388 1772 394 1779 .
426 1747 638 1788 Θουκυδίδης
657 1752 742 1788 γοῦν
757 1772 763 1778 .
779 1771 785 1778 .
802 1771 809 1779 .
825 1771 831 1778 .
850 1751 1004 1788 ποιητικῇ
1024 1750 1208 1788 κατασκευῇ
1233 1746 1438 1788 χρησάμενος
1461 1744 1498 1778 ἐν

181 1802 317 1838 πολλοῖς
337 1800 488 1842 ἐξήλλαξε
507 1801 569 1842 τὴν
588 1799 764 1843 ἑρμηνείαν
783 1801 831 1838 εἰς
845 1801 947 1841 ὄγκον
961 1800 1027 1841 ἅμα
1043 1798 1097 1831 καὶ
1113 1800 1240 1841 κόσμον
1255 1800 1363 1840 λόγων
1377 1797 1497 1840 ἀηθέσ-

181 1866 279 1894 τερον
295 1880 300 1885 .
318 1880 323 1886 .
341 1880 345 1885 .
366 1853 524 1896 (Λυσίας)
545 1854 665 1896 ὁμοίως
685 1854 722 1886 δὲ
740 1859 809 1892 τοῖς
825 1854 972 1891 ἰδιώταις
987 1852 1200 1894 διαλέγεσθαι
1216 1853 1326 1884 δοκῶν
1339 1854 1497 1884 πλεῖστον

182 1908 263 1940 ὅσον
283 1908 418 1939 ἰδιώτου
439 1907 590 1948 διαφέρει
609 1911 676 1940 κτλ.
706 1907 790 1945 Quid
810 1907 853 1939 si'c
871 1906 903 1938 in
925 1906 1107 1939 Stoicorum
1123 1906 1310 1938 definitione
1326 1906 1363 1938 τὸ
1377 1904 1497 1947 ἐκφεύ-

181 1973 254 2002 γειν
277 1962 337 1994 τὸν
361 1959 586 2003 ἰδιωτισμόνῑ)
603 1957 716 2001 ⁴neque
739 1960 809 1991 fieri
833 1960 895 1991 hoo
918 1970 1027 2002 posse,
1054 1959 1117 1991 nisi
1141 1961 1400 1991 ornamentorum
1426 1969 1496 1998 usu,

182 2026 277 2056 quam
298 2016 503 2056 κατασκευήν
523 2014 678 2055 nominat,
697 2014 872 2055 Dionysius
893 2012 1023 2055 docet.²)

273 2104 298 2137 1)
317 2102 423 2129 Eadem
443 2102 595 2128 definiendi
613 2102 723 2128 ratione
744 2101 872 2128 ‘mutatis
891 2101 1046 2128 mutandjs’
1067 2101 1096 2127 in
1116 2100 1202 2126 simili
1221 2108 1250 2126 re
1274 2100 1364 2126 utitur
1382 2099 1497 2127 Posido-

182 2142 244 2169 nius
255 2143 345 2169 Laert.
358 2141 438 2176 Diog.
451 2141 510 2174 Vll,
521 2144 567 2168 60:
579 2141 692 2176 Ποίημα
708 2141 739 2169 δέ
754 2142 828 2168 ἐστιν
842 2140 913 2174 λέξις
932 2141 1062 2175 ἔμμετρος
1082 2139 1098 2174 ἢ
1114 2141 1255 2174 ἔνρυθμος
1274 2140 1355 2174 μετὰ
1374 2143 1497 2174 σκευῆς

181 2186 364 2216 (κατασκευῆς
383 2182 582 2216 Reitzenstein,
602 2182 636 2208 cf.
652 2181 726 2208 infra
746 2191 772 2216 p.
789 2185 821 2208 37
841 2182 937 2208 adnot.
952 2183 979 2215 2)
998 2182 1034 2208 τὸ
1053 2179 1228 2215 λογοειδὲς
1246 2181 1461 2215 ἐκβεβηκυῖα.

272 2224 298 2257 2)
318 2222 359 2249 cf.
379 2223 465 2249 etiam
490 2222 603 2256 Dionys.
625 2222 715 2248 Halic.
736 2223 806 2254 Περὶ
832 2222 970 2256 μιμήσεως
989 2231 1015 2255 p.
1032 2224 1083 2247 215
1105 2221 1201 2247 U—R:
1227 2219 1349 2255 Γοργίας
1371 2219 1421 2254 μὲν
1443 2219 1496 2254 τὴν

181 2263 329 2297 ποιητικὴν
356 2262 506 2296 ἑρμηνείαν
531 2261 698 2296 μετήνεγκεν
724 2262 763 2292 εἰς
785 2261 884 2296 λόγους
908 2261 1080 2293 πολιτικούς,
1108 2262 1158 2288 οὐκ
1183 2260 1269 2293 ἀξιῶν
1294 2260 1413 2294 ὅμοιον
1436 2260 1495 2287 τὸν

182 2301 309 2336 ῥήτορα
335 2307 408 2333 τοῖς
435 2303 592 2333 ἰδιώταις
618 2300 698 2329 εἶναι.
735 2301 839 2333 Λυσίας
865 2301 1031 2329 τούναντίον
1056 2301 1180 2335 ἐποίησε
1210 2301 1262 2335 τὴν
1287 2301 1340 2335 γὰρ
1367 2299 1495 2334 φανερὰν

182 2342 269 2369 ἅπασι
289 2343 336 2369 καὶ
355 2342 535 2377 τετριμμένην
555 2342 628 2374 λέξιν
647 2342 778 2376 ἐζήλωσεν
793 2342 903 2377 ἔγγιστα
923 2341 1041 2377 νομίζων
1062 2340 1134 2369 εἶναι
1158 2346 1207 2369 τοῦ
1230 2346 1325 2368 πεῖσαι
1347 2341 1396 2367 τὸν
1419 2340 1495 2367 laub-
1515 2376 1519 2380 ἑ
