1566 2592
0 987 3 995 -
0 721 8 982 ww«.

0 1200 7 1396 „<„.,‚-„-„.-.-
0 1179 2 1187 -v
0 1153 1 1161 ⁴
0 1122 2 1127 υ
0 1006 4 1104 ⁴----v2

383 148 424 174 De
442 148 577 174 virtutum
596 146 708 173 dicendi
728 155 791 173 cum
810 147 959 182 generibus
981 147 1151 174 confusione.
1363 147 1425 178 109

116 231 173 262 illa
191 230 323 272 partitio
341 229 558 270 fundamenta,
577 239 657 269 quae
677 228 808 259 Eresius
828 228 912 269 iecit,
932 228 1139 260 conservavit.
1168 227 1280 270 Itaque
1303 229 1427 260 rhetori

115 283 242 315 erudito
258 285 290 315 et
304 283 337 314 in
356 283 500 324 priorum
519 281 649 322 scriptis
669 281 841 312 admodum
863 283 998 322 versato,
1017 283 1054 313 ut
1068 282 1148 313 mihi
1170 282 1299 322 quidem
1319 283 1426 314 existi—

114 328 223 368 matur
237 335 421 377 Dionysius,
431 334 537 366 facilis
548 334 658 366 oblata
667 336 735 365 erat
750 334 874 365 occasio
892 334 993 375 ipsius
1005 334 1219 376 Theophrasti
1234 336 1274 366 ad
1289 336 1426 377 descrip-

115 390 237 422 tionem
261 390 417 421 virtutum
445 387 640 420 adsumendi.
683 387 807 418 Revera
831 387 953 428 omnia,
983 398 1064 428 quae
1082 400 1121 419 ex
1145 388 1367 430 Theophrasto
1392 389 1427 420 in

115 443 234 475 iudicia
247 443 285 474 de
300 442 398 483 Lysia
412 444 444 474 et
458 441 599 473 Isocrate
613 441 784 481 fluxerunt,
798 441 955 472 eiusmodi
970 443 1055 483 sunt,
1069 443 1106 472 ut
1120 442 1159 472 ad
1174 441 1291 483 ἀρετὰς
1310 442 1427 480 λέξεως

114 498 200 528 certe
219 495 413 538 pertineant,
431 495 534 538 magis
554 505 629 527 vero
656 494 814 536 quadrent
833 494 866 525 in
886 494 1065 535 simplicem
1090 495 1247 526 rationem
1272 506 1368 536 quam
1392 495 1427 526 in

115 549 264 591 Dionysii
282 549 523 580 multiformem.
551 547 668 579 Omnia
686 549 782 579 etiarn
803 547 843 578 ad
865 548 1120 589 praecipiendam
1142 549 1355 580 elocutionem
1374 559 1427 579 ex-

113 603 258 645 cogitata
276 613 345 634 esse
364 604 505 643 apparet.
532 601 628 633 Nunc
647 601 784 632 alterum
803 611 904 642 genus
928 601 1131 632 tractandum
1152 603 1214 640 est,
1238 602 1289 633 eui
1314 602 1426 633 insunt

112 666 232 698 genera
252 656 385 687 dicendi.

204 717 277 749 Duo
296 720 403 749 autem
423 719 499 749 sunt
518 717 646 758 scripta,
664 719 836 758 utrumque
855 718 887 748 et
907 717 1011 758 spatio
1032 718 1064 748 et
1087 717 1279 749 auctoritate
1298 720 1426 759 praeter

112 773 221 803 cetera
239 771 364 802 minora
383 772 550 811 excellens,
569 781 650 812 quae
669 771 702 801 in
722 781 851 802 censum
870 771 1014 812 veniant,
1035 770 1136 802 libros
1162 771 1231 802 dico
1253 771 1290 802 de
1310 770 1424 802 Demo-

113 824 227 856 sthene
246 826 278 856 et
298 825 336 856 de
361 824 594 865 compositione
618 823 798 855 verborum.
826 823 874 854 De
894 823 956 854 hoc
979 823 1080 855 altero
1105 824 1186 855 mihi
1210 824 1427 856 excusandum

112 879 173 919 cst,
192 877 279 919 quod
298 889 370 909 cum
396 877 480 909 inter
503 877 633 909 criticos
656 876 757 908 libros
780 887 927 918 numero3
957 888 1030 908 nam
1054 876 1230 919 Dionysius
1258 877 1425 918 prooemio

111 931 255 962 affirmat
274 942 308 962 se
326 930 542 972 praecipiendi
562 941 657 962 causa
675 930 750 970 περὶ
776 930 967 968 συνθέσεως
991 930 1142 962 scribere:
1167 930 1245 962 duas
1269 931 1354 962 enim
1377 933 1426 962 to-

113 984 178 1015 tius
197 984 388 1016 elocutionis
405 986 513 1025 partes
532 994 610 1024 esse,
629 983 769 1024 ἐκλογὴν
789 983 961 1023 ὀνομάτων
977 985 1008 1015 et
1023 984 1197 1025 σύνθεσιν,
1216 984 1299 1016 hanc
1314 985 1424 1016 statim

111 1048 148 1069 se
166 1039 387 1078 tractaturum,
401 1038 490 1069 illam
505 1039 616 1078 postea
635 1037 800 1079 promittit
819 1048 851 1068 se
871 1037 1055 1068 additurum
1069 1048 1146 1078 esse,
1160 1040 1197 1068 ut
1212 1038 1320 1069 omnia
1340 1049 1425 1070 com-

110 1091 297 1132 prehendat.
327 1090 432 1128 Quare
451 1090 611 1132 capitibus
635 1090 745 1122 6—20
765 1090 870 1131 docet,
895 1090 1055 1131 quomodo
1082 1090 1179 1122 verba
1205 1092 1425 1132 componenda

111 1144 191 1186 sint3
214 1143 293 1176 haec
311 1145 425 1175 saltem
443 1155 518 1186 pars
537 1143 612 1175 libri
632 1144 671 1175 ad
695 1144 934 1175 institutionem
959 1143 1074 1182 λέξεως
1097 1144 1236 1185 pertinet
1260 1147 1371 1186 atque,
1396 1146 1424 1176 si

109 1197 270 1229 rationem
289 1197 492 1238 rhetoricam,
512 1208 575 1238 qua
593 1197 721 1238 nititur,
743 1197 941 1238 quaerimus,
961 1207 1029 1228 eam
1049 1208 1067 1228 a
1087 1197 1301 1239 Theophrasti
1325 1198 1424 1230 virtu-

111 1250 199 1282 tibus
217 1261 284 1282 non
302 1250 349 1282 ita
366 1251 462 1293 longe
487 1250 596 1282 abesse
615 1250 774 1292 videmus,
794 1261 988 1292 quamquam
1010 1252 1135 1282 constat
1154 1261 1206 1282 eas
1225 1251 1311 1292 ipsas
1330 1262 1370 1283 ne
1390 1252 1424 1283 in

108 1304 218 1345 priore
238 1304 366 1345 quidem
381 1306 472 1345 parte
486 1304 561 1335 libri
576 1304 650 1345 περὶ
670 1303 858 1341 συνθέσεως
877 1303 1037 1334 adhibitas
1055 1314 1131 1335 esse.
1160 1303 1204 1336 Ut
1220 1304 1304 1336 enim
1321 1305 1424 1336 Theo-

110 1356 262 1398 phrastus
282 1357 322 1388 ab
343 1357 430 1389 omni
450 1357 590 1388 oratoria
614 1357 795 1388 elocutione
819 1356 935 1398 ἀρετάς
964 1357 1077 1399 exigit,
1105 1358 1150 1388 sic
1169 1357 1344 1398 Dionysius
1363 1359 1424 1390 τὸν

107 1411 318 1452 βουλόμενον
338 1410 535 1442 συντιθέναι
559 1411 619 1451 τὴν
643 1409 732 1448 λέξιν
751 1408 788 1442 εὖ
809 1410 897 1442 iubet
919 1410 981 1441 duo
1006 1410 1187 1443 observare:
1211 1412 1272 1452 τὴν
1295 1411 1423 1453 ἡδονήν

110 1465 145 1495 et
163 1463 199 1495 τὸ
219 1464 320 1495 καλόν
340 1463 380 1506 (c.
399 1463 462 1506 lO).

200 1525 377 1567 Utriusque
397 1525 517 1567 species
537 1526 640 1567 capite
662 1526 700 1557 11
723 1525 766 1568 (p.
782 1522 874 1569 53R)
895 1529 1073 1558 enumerat:
1097 1527 1201 1558 τάττω
1221 1525 1257 1558 δὲ
1277 1527 1341 1559 ὑπὸ
1361 1526 1423 1569 μὲν

108 1580 172 1621 τὴν
191 1580 316 1620 ἡδονὴν
334 1581 395 1620 τήν
413 1591 448 1611 τε
468 1580 559 1620 ὥραν
573 1580 626 1611 καὶ
641 1580 702 1620 τὴν
721 1580 818 1621 χάριν
837 1579 891 1611 καὶ
911 1582 972 1621 τὴν
991 1580 1170 1621 εὐστομίαν
1188 1580 1242 1612 καὶ
1262 1581 1322 1622 τὴν
1342 1583 1421 1621 γλυ-

109 1633 234 1673 κύτητα
253 1632 307 1664 καὶ
326 1634 362 1664 τὸ
382 1634 530 1665 πιθανὸν
549 1634 603 1665 καὶ
621 1633 727 1665 πάντα
746 1634 786 1665 τὰ
811 1638 960 1675 τοιαῦτα,
985 1633 1049 1665 ὑπὸ
1070 1635 1106 1665 δὲ
1126 1635 1163 1666 τὸ
1182 1634 1286 1666 καλὸν
1304 1635 1366 1676 τήν
1385 1646 1420 1666 τε

106 1685 393 1728 μεγαλοπρέπειαν
416 1685 470 1717 καὶ
493 1687 529 1718 τὸ
553 1687 654 1728 βάρος
673 1686 728 1718 καὶ
747 1687 807 1727 τὴν
831 1689 1053 1728 σεμνολογίαν
1077 1686 1129 1719 καὶ
1156 1687 1192 1719 τὸ
1218 1686 1342 1729 ἀξίωμα
1364 1687 1420 1719 καὶ

106 1740 169 1771 τὸν
187 1740 287 1771 πίνον
306 1740 359 1771 καὶ
378 1740 417 1771 τὰ
436 1740 566 1778 τούτοις
585 1741 690 1780 ὅμοια.
720 1740 814 1772 ταυτὶ
841 1741 903 1781 γάρ
930 1753 986 1780 μοι
1010 1741 1102 1772 δοκεῖ
1125 1741 1311 1782 κυριώτατα
1335 1739 1420 1773 εἶναι

107 1791 164 1824 καὶ
184 1794 292 1834 ὥσπερ
312 1793 474 1832 κεφάλαια
493 1799 560 1824 τῶν
579 1794 696 1825 ἄλλων.
731 1793 816 1831 Quas
836 1796 944 1835 partes
964 1805 1074 1825 omnes
1093 1794 1159 1825 fere
1182 1794 1265 1826 inter
1284 1794 1420 1826 virtutes

109 1845 323 1887 Dionysianas
339 1846 560 1887 Theophrasto
581 1847 701 1879 similes
721 1848 919 1889 repperimus
939 1849 1051 1890 (supra
1070 1859 1100 1889 p.
1117 1847 1182 1891 78).
1212 1847 1291 1879 Cum
1312 1850 1419 1880 autem

109 1899 301 1940 compositio
321 1900 354 1931 in
373 1902 479 1931 vetere
503 1902 571 1931 arte
594 1901 755 1933 rhetorica
773 1912 838 1932 non
857 1902 957 1933 totius
981 1901 1185 1943 elocutionis,
1210 1901 1265 1932 sed
1288 1904 1420 1933 ornatus

108 1950 338 1994 (κατασκευῆς)
372 1964 444 1994 pars
472 1953 570 1984 fuerit
601 1952 711 1996 (supra
741 1966 772 1995 p.
789 1953 934 1997 19sqq.),
960 1955 1136 1986 similitudo
1165 1954 1315 1995 Dionysii
1346 1965 1419 1986 cum

110 2004 323 2046 Theophrasti
344 2008 459 2038 ornatu
475 2007 552 2038 satis
571 2007 771 2049 perspicitur,
791 2019 872 2049 quae
892 2009 994 2040 virtus
1014 2010 1045 2040 et
1065 2008 1134 2049 ipsa
1154 2019 1281 2049 quoque
1301 2008 1335 2039 in
1354 2008 1418 2039 duo

110 2058 228 2099 capita,
247 2058 311 2099 ἡδύ
331 2061 362 2090 et
380 2059 665 2102 μεγαλοπρεπέςΙ),
685 2060 786 2092 divisa
806 2063 861 2092 est.
891 2060 953 2092 Sed
968 2061 1210 2102 Theophrastus
1230 2073 1327 2093 unam
1347 2073 1417 2093 eam

110 2121 178 2142 esse
198 2111 316 2152 docuit,
334 2111 509 2153 Dionysius
529 2124 595 2144 non
613 2113 718 2144 solum
738 2113 816 2145 duas
835 2116 942 2155 partes
962 2125 1028 2145 non
1047 2115 1234 2145 coniunctas
1253 2114 1343 2156 fecit,
1363 2114 1419 2145 sed

200 2235 224 2268 1)
244 2234 448 2267 μεγαλοπρεπές
461 2236 590 2263 πκαλόν
613 2236 829 2271 Dionysianam,
854 2238 886 2263 ut
909 2237 1018 2263 monuit
1041 2236 1131 2263 Kroll:
1157 2237 1208 2262 Rh.
1229 2236 1299 2263 Mus.
1320 2239 1362 2267 62,
1375 2239 1417 2263 93.

108 2273 419 2347 {Zpgaltiitlprarctelgtiaa
433 2274 549 2308 πρέπον,
568 2277 643 2309 quod
657 2277 687 2302 in
700 2276 887 2310 Theophrasti
906 2277 1059 2303 virtutibus
1079 2276 1199 2302 multum
1218 2277 1339 2310 valebat,
1359 2277 1417 2303 late
