1566 2592
175 150 216 182 28
763 151 856 186 Caput
871 151 905 179 11.

175 234 318 264 mutetur
338 233 370 264 in
392 233 541 265 ‘fluens’?
560 232 653 274 Quid,
673 234 759 275 quod
779 234 886 275 ipsum
907 234 988 267 illud
1009 234 1146 277 ‘fluens'‚
1165 245 1229 276 quo
1248 235 1367 267 nititur
1384 235 1492 277 Maye·

174 297 237 324 rus,
256 287 431 318 coniectura
450 289 499 318 est
518 285 633 328 Orelli,
660 287 837 320 Laudensis
857 289 980 330 autem,
1003 289 1095 320 cuius
1121 289 1318 332 apographis
1337 289 1416 321 solis
1435 289 1493 322 ins

174 350 249 380 pars
273 340 469 381 continetur,
499 340 630 372 exhibet
655 341 836 373 ‘effluens’P
865 341 988 374 Debuit
1011 341 1112 384 igitur
1134 342 1198 374 levi
1221 343 1338 375 mendo
1362 343 1492 377 sublato

173 404 232 435 pro
258 392 357 425 Orelli
387 394 571 426 coniectura
595 394 779 427 Tullianum
803 395 936 427 verbum
962 396 1058 428 etiam
1077 395 1130 428 Or.
1145 396 1189 428 42
1218 397 1437 440 redintegrare
1459 399 1494 430 et

174 446 311 478 affluens
332 446 399 490 (sic.
415 447 450 479 L.
470 448 567 479 etiam
588 447 640 480 Or.
657 447 713 491 79)
733 450 791 480 aut
809 449 919 490 potius
939 449 1105 481 meliorem
1123 461 1218 482 usum
1239 450 1492 493 orthographiae

174 503 303 532 secutus
323 501 468 533 ‘afluens’
489 501 642 542 scribere,
664 513 869 544 nequaquam
893 505 1001 534 autem
1025 514 1042 534 e
1067 503 1252 536 coniectura
1275 505 1491 538 coniecturam

174 554 370 596 depromere.

261 607 330 639 Iam
351 608 428 640 satis
449 609 528 640 mihi
548 609 669 641 dietum
690 612 738 642 est
758 609 796 641 de
815 610 864 651 iis,
885 621 966 651 quos
986 609 1187 652 Porphyrius
1207 611 1335 644 videtur
1353 612 1387 644 in
1406 623 1492 645 erro-

172 672 239 694 rem
260 662 463 703 compulisse.
492 662 646 694 Libenter
665 665 795 695 transeo
815 663 855 695 ad
876 674 939 705 eos,
959 664 1014 705 qui
1034 664 1159 696 levibus
1184 664 1377 706 quibusdam
1401 665 1491 698 diffo-

171 715 285 747 rentiis
305 716 432 747 omissis
447 716 557 748 eadem
577 717 701 748 ratione
721 717 827 748 locum
847 716 939 749 illum
955 717 1097 750 Tulliani
1113 717 1258 750 oratoris
1278 719 1491 762 interpretan-

172 771 234 810 tur,
254 779 350 810 quam
370 780 429 801 nos
450 770 666 811 exposuimus.
696 769 862 802 Strillerus
882 771 915 802 in
934 770 1029 812 libro,
1045 772 1100 813 qui
1120 772 1308 805 inscribitur
1321 773 1390 814 „De
1404 772 1490 822 Stoi·-

172 832 283 854 corum
303 823 417 854 studiis
441 823 629 855 rhetoricis“
649 824 833 857 (Breslauer
852 823 930 865 phil.
946 824 1029 856 Abh.
1045 825 1107 857 vol.
1122 825 1146 867 Ι7
1165 837 1239 867 pars
1253 825 1300 870 H)
1319 826 1398 860 haee
1414 837 1490 870 pro-

171 876 312 907 nuntiat:
340 876 409 917 „Ex
438 876 489 907 his
513 877 619 909 verbis
648 876 715 918 (Or.
732 877 787 919 79)
813 877 895 909 nihil
923 878 1011 910 aliud
1040 879 1187 911 concludi
1215 891 1310 922 posse
1339 881 1490 914 existimo

172 941 269 971 quam
289 929 550 972 Theophrastum
570 933 724 972 quattuor
748 932 904 963 orationis
926 931 1061 964 ‘laudes’
1082 933 1228 974 posuisse
1247 933 1319 966 has:
1342 936 1380 967 τό
1399 934 1489 978 ἑλλη-

171 984 274 1022 νίζειν
293 983 395 1026 (quod
414 984 608 1026 respondeat
628 985 768 1017 sermoni
787 996 868 1026 puro
889 987 922 1017 et
940 985 1080 1029 Latino),
1098 987 1134 1019 τὸ
1155 987 1272 1030 σαφές,
1295 989 1333 1021 τὸ
1350 987 1491 1031 πρέπον,

170 1037 207 1068 τὸ
228 1037 311 1078 ἡδύ“
331 1062 337 1068 .
354 1062 359 1069 .
376 1063 399 1068 ..
429 1037 577 1069 Virtutes
593 1038 694 1081 igitur
709 1039 865 1071 orationis
878 1038 1122 1081 Theophrastus
1137 1052 1208 1074 meo
1224 1042 1354 1083 quidem
1369 1041 1489 1075 indiuio

171 1091 287 1123 statuit
305 1091 342 1123 τὸ
363 1090 553 1133 ἑλληνίζειν,
571 1092 608 1123 τὸ
625 1092 740 1134 σαφές,
754 1093 791 1124 τὸ
810 1092 950 1135 πρέπον,
964 1094 1001 1125 τὸ
1016 1093 1082 1135 ἡδύ
1101 1093 1145 1136 (p.
1157 1094 1253 1138 51).¹)
1273 1095 1413 1133 Quartae
1427 1096 1490 1128 vir-

170 1145 234 1176 tuti
249 1145 345 1176 etiam
360 1146 397 1177 τὸ
417 1147 661 1187 μεγαλοπρεπές
680 1146 883 1178 adiciendum
903 1158 971 1179 esse
986 1147 1068 1179 vidit
1083 1146 1331 1191 Geigenmiiller,
1350 1150 1407 1191 qui
1425 1149 1488 1182 etei

171 1197 319 1230 Strillero
340 1209 405 1230 non
425 1210 501 1230 usus
521 1201 583 1240 est,
608 1200 740 1232 eandem
764 1200 1062 1242 interpretationem
1083 1201 1230 1234 oratoris
1249 1201 1320 1246 (79)
1345 1203 1490 1236 defendit

169 1251 204 1283 in
223 1251 460 1294 dissertatione,
480 1263 561 1294 quae
581 1253 782 1285 inscribitur:
806 1253 1036 1295 „Quaestiones
1054 1254 1274 1297 Dionysianae
1292 1257 1332 1289 de
1350 1257 1488 1290 vocabu-

169 1305 209 1337 lis
229 1306 308 1337 artis
328 1306 476 1338 criticae“
493 1305 537 1348 (p.
551 1305 617 1349 39).
648 1306 908 1349 Geigenmiillero
927 1308 1076 1350 equidem
1092 1320 1223 1351 prorsus
1242 1310 1409 1350 assentior,
1423 1310 1488 1343 nisi

169 1359 256 1401 quod
276 1359 451 1392 ‘decorum’
472 1371 544 1392 oum
565 1360 737 1403 Porphyrii
758 1361 986 1402 probabilitate
1006 1362 1184 1405 (πιθανόν)
1205 1363 1366 1407 coniungo
1385 1366 1419 1396 et
1438 1363 1487 1397 51.-

170 1414 334 1454 ληνισμόν
362 1413 455 1445 iniis
481 1425 577 1455 pono,
604 1425 686 1456 quae
711 1417 785 1447 ante
804 1415 893 1447 ideas
914 1415 968 1447 ille
994 1416 1090 1458 dixit3
1116 1427 1214 1458 quare
1239 1414 1383 1450 tabulam
1409 1417 1489 1460 eius,

170 1478 234 1508 qua
249 1467 465 1508 Theophrasti
481 1468 617 1500 virtutes
633 1468 826 1502 elocutionis
842 1469 997 1512 depinxit,
1016 1469 1050 1501 in
1064 1481 1172 1502 meum
1187 1481 1281 1503 usum
1296 1458 1379 1504 mihil
1389 1471 1489 1504 liceat

169 1523 361 1553 convertere.
391 1521 480 1553 Haeo
500 1523 607 1553 autem
628 1525 677 1554 est
696 1522 730 1565 (l.
745 1524 765 1555 l.
780 1534 811 1565 p.
826 1523 898 1566 39):

279 1601 281 1603 ·
299 1582 517 1626 Ἑλληνισμός
840 1597 956 1627 purum
978 1588 1010 1618 et
1029 1586 1180 1619 Latinum

303 1637 419 1679 Σαφές
842 1639 1019 1671 dilucidum
1038 1641 1235 1682 planumque

303 1690 443 1732 Πρέπον
463 1691 642 1735 (πιθανόν)
842 1693 991 1725 decorum

302 1773 499 1813 Κατασκευή
526 1752 534 1795 J
545 1746 791 1787 μεγαλοπρεπές
842 1747 964 1779 afluens
982 1753 1135 1837 }omatus

529 1796 610 1840 [ἡδύ
841 1811 937 1832 suave
1138 1800 1144 1806 '

260 1859 475 1902 Theophrasti
495 1861 596 1903 igitur
610 1861 648 1893 de
663 1864 816 1903 quattuor
831 1863 1007 1895 virtutibus
1021 1863 1146 1895 dicendi
1162 1864 1240 1896 satis
1255 1864 1319 1896 iarn
1334 1864 1485 1898 instructi

170 1924 289 1955 sumus,
308 1916 345 1945 ut
364 1914 519 1946 virtutum
540 1915 709 1947 historiam
729 1927 788 1957 per
807 1917 927 1957 scripta
946 1917 1108 1950 rhetorica
1128 1928 1366 1959 persequamur.
1395 1917 1485 1956 Quae

169 1967 293 1999 duabus
313 1968 556 2009 quaestionibus
580 1979 644 2000 una
667 1969 883 2010 respondebit.
913 1969 1086 2002 Studemus
1109 1971 1195 2003 enim
1215 1974 1247 2003 et
1270 1971 1392 2012 videre,
1414 1971 1485 2014 qui-

168 2021 229 2053 bus
253 2021 433 2053 rationibus
457 2022 613 2053 virtutum
639 2022 785 2054 doctrina
804 2023 843 2054 ad
867 2023 983 2061 λέξεως
1005 2024 1262 2066 praeceptionem
1287 2025 1433 2058 adhibita
1451 2026 1486 2057 et

168 2077 365 2107 commutata
389 2075 445 2117 sit,
469 2078 501 2106 et
524 2086 731 2117 cognoscere,
755 2088 818 2118 qua
841 2077 1034 2110 auctoritate
1052 2077 1184 2110 Eresius
1207 2078 1422 2121 philosophus
1440 2077 1486 2111 eit

168 2138 245 2159 usus
264 2128 350 2169 apud
369 2131 524 2170 posteros.

260 2212 284 2245 1)
304 2211 332 2237 L.
348 2211 492 2238 Laurand:
508 2211 549 2238 De
564 2212 600 2239 M.
617 2212 692 2238 Tulli
708 2212 849 2239 Ciceronis
864 2214 966 2240 studiis
980 2214 1127 2241 rhetoricis
1142 2215 1261 2249 (Thesis,
1276 2215 1392 2243 Parisiis
1402 2216 1482 2250 1⁹0⁷)

167 2260 194 2285 p.
210 2253 252 2278 40.
282 2251 477 2286 Theophrasto
505 2252 605 2278 tribuit
634 2254 769 2286 quattuor
797 2253 925 2286 virtutes,
954 2263 1026 2287 quae
1055 2258 1254 2282 enumerantur
1282 2255 1327 2283 Or.
1343 2259 1376 2283 79
1403 2256 1434 2283 et
1450 2255 1481 2282 in

168 2290 240 2317 libro
259 2291 297 2317 111
318 2291 358 2318 De
374 2291 418 2318 Or.
444 2292 623 2325 adhibentur,
643 2293 678 2319 de
701 2293 792 2319 tribus
813 2295 907 2320 autem
926 2294 1077 2329 generibus
1097 2296 1202 2322 certam
1221 2296 1390 2323 sententiam
1409 2295 1482 2323 fene

167 2339 223 2357 non
243 2332 338 2365 audet,
358 2340 529 2366 quamquam
550 2332 737 2367 Theophrasti
757 2333 910 2360 inventoris
930 2343 964 2361 en.
983 2343 1042 2362 esse
1061 2337 1089 2362 et
1108 2335 1168 2369 ipse
1188 2345 1299 2370 quoque
1318 2337 1415 2364 credit.
