1566 2592
0 0 1566 143 {V—

0 142 20 232 J}
502 146 544 173 De
563 146 751 181 Theophrasti
769 147 878 173 ratione
896 146 1041 174 virtutum.
1382 148 1423 179 15

119 230 180 261 tica
200 228 336 261 dilucide
354 228 514 260 dicemus“
529 226 591 270 (IV
608 227 672 269 17).
700 226 814 269 Neque
829 227 924 259 aliter
938 227 1167 265 Quintilianus:
1186 228 1267 270 „Sed
1283 240 1328 270 ea,
1343 240 1424 270 quae

120 283 158 314 de
181 283 304 314 ratione
327 281 440 314 Latine
463 283 560 322 atque
584 281 749 313 emendate
772 281 924 322 loquendi
947 281 1078 312 fuerunt
1106 281 1251 322 dicenda,
1279 281 1312 313 in
1340 281 1424 313 libro

120 336 238 378 primo,
267 346 338 367 cum
368 334 406 366 de
429 335 634 375 yrammatice
663 334 880 375 loqueremur,
907 334 1047 365 exsecuti
1074 334 1203 366 sumus“
1228 333 1322 377 (VIII
1337 335 1366 376 1,
1380 334 1425 378 2).

121 388 190 427 Quo
208 388 313 420 minus
331 388 432 431 igitur
449 388 639 419 elocutionis
659 388 762 429 prima
785 388 855 419 laus
879 387 912 418 in
936 388 1032 419 tertio
1057 388 1095 419 de
1114 387 1247 419 Oratore
1266 388 1359 429 libro,
1385 389 1424 420 ab

120 441 258 474 Auctore
277 440 496 483 Herenniano,
520 452 538 472 a
557 440 756 479 Quintiliano
776 440 920 472 adhibita
940 452 978 473 ex
998 441 1068 482 ipsa
1089 441 1269 472 studiorum
1293 442 1426 483 ratione,

121 506 182 535 qua
198 494 288 536 pueri
307 495 395 526 illius
419 495 534 526 aetatis
558 494 797 535 erudiebantur,
825 494 1014 535 deprompta
1033 505 1100 525 esse
1119 496 1234 535 potest,
1254 506 1317 535 quo
1337 497 1426 526 vetu-

121 547 216 579 stiore
235 549 284 579 est
303 547 418 588 indole,
439 558 477 579 eo
496 547 623 580 facilius
642 547 899 588 Theophrastum
919 549 1081 579 auctorem
1101 558 1169 579 esse
1188 547 1354 579 credimus.

641 662 682 695 II.
706 664 753 694 Τὸ
775 662 903 702 Σαφές.

209 734 288 765 Post
306 733 515 765 Latinitatem
535 733 644 766 Cicero
669 734 725 765 illo
749 733 820 765 loco
845 732 912 775 (Or.
929 733 995 776 79),
1019 744 1114 775 quem
1137 744 1195 775 pro
1219 734 1427 767 fundamento
1452 738 1494 802 Γ

121 787 221 819 totius
245 787 472 829 disputationis
495 787 663 828 habemus,
687 787 732 818 ita
754 787 874 829 pergit:
903 786 1070 828 „Dilucide
1095 788 1252 828 planeque
1276 787 1427 819 diceturf‘
1453 804 1455 833 g

123 840 209 872 Haec
228 841 328 882 igitur
346 841 446 872 altera
465 840 579 879 λέξεως
598 840 696 882 ἀρετή
719 851 737 871 a
756 839 979 881 Theophrasto
1003 842 1171 872 numerata
1195 843 1252 872 est.
1280 840 1427 872 Eundem

121 894 228 926 locum
249 894 389 925 obtinuit
408 894 493 934 apud
511 893 685 925 Auctorem
705 893 744 924 ad
764 893 978 934 Herennium,
1002 894 1057 934 qui
1081 894 1338 935 explanationem
1358 905 1427 926 eam

122 947 296 988 appellavit
321 946 382 989 (IV
399 947 468 989 17),
492 949 524 978 et
547 947 631 988 apud
655 946 905 988 Quintilianum,
928 946 983 978 ubi
1008 947 1220 988 perspicuitas
1244 947 1429 979 nominatur

122 999 216 1042 (VIII
234 999 275 1042 1).
311 999 398 1037 Quae
425 1003 595 1042 praecepta
619 1000 678 1031 sub
708 1011 777 1031 eam
800 1000 926 1031 laudem
951 1000 1078 1041 cadant,
1108 999 1218 1032 Cicero
1243 1000 1427 1032 summatim

122 1054 280 1095 percurrit
304 1053 351 1084 De
372 1053 423 1085 Or.
438 1052 556 1085 11149:
583 1053 716 1094 „Latine
744 1053 867 1084 scilicet
895 1053 1076 1095 dicend01),
1104 1053 1210 1085 verbis
1237 1053 1365 1085 usitatis
1391 1065 1429 1085 ac

122 1107 252 1148 proprie
272 1106 564 1138 demonstrantibus
584 1117 629 1147 ea,
649 1117 729 1147 quae
744 1106 919 1148 significari
935 1117 971 1137 ac
986 1106 1140 1138 declarari
1154 1108 1297 1139 volemus
1305 1105 1341 1149 ²),
1360 1107 1428 1138 sine

123 1159 274 1202 ambiguo
293 1160 392 1191 verbo
412 1161 467 1191 aut
482 1170 636 1200 sermone,
655 1170 721 1191 non
734 1160 831 1191 nimis
846 1161 945 1202 longa
960 1160 1202 1192 continuatione
1217 1160 1386 1192 verborum
1394 1159 1429 1202 ³),

123 1224 189 1245 non
211 1213 303 1244 valde
326 1213 491 1255 productis
515 1213 569 1254 iis,
595 1224 675 1255 quae
699 1213 922 1244 similitudinis
947 1224 1041 1244 causa
1060 1223 1099 1244 ex
1122 1213 1194 1244 aliis
1213 1213 1309 1244 rebus
1328 1215 1429 1245 trans-

123 1265 315 1309 feruntur4),
338 1277 404 1297 non
422 1266 591 1307 discerptis
611 1266 791 1307 sententiis,
814 1277 880 1297 non
899 1266 1113 1308 praeposteris
1132 1266 1343 1308 temporibus,
1364 1278 1430 1299 non

125 1319 266 1352 confusis
289 1320 448 1361 personis,
470 1330 536 1351 non
560 1319 751 1351 conturbato
776 1319 914 1351 01·dine.“
946 1319 1188 1360 Perspicuitatis
1212 1322 1318 1351 autem
1341 1320 1430 1351 laudi

125 1373 309 1415 oppositum
329 1375 377 1404 est
400 1373 515 1404 vitium
539 1372 744 1405 obscuritatis
764 1372 850 1416 (vide
866 1372 999 1410 Quintil.
1014 1371 1094 1404 VIII
1110 1373 1139 1414 2,
1156 1373 1204 1404 12.
1234 1372 1297 1404 Cic.
1313 1373 1361 1404 De
1376 1372 1428 1405 Or.

123 1425 171 1457 HI
186 1426 229 1458 50
248 1426 286 1458 de
304 1425 396 1458 Fufio
416 1428 448 1457 et
466 1425 679 1468 Pomponia).

212 1479 263 1511 Ne
277 1479 410 1511 alteram
426 1479 554 1520 quidem
569 1479 782 1520 Theophrasti
796 1479 934 1519 laudem,
954 1490 1049 1520 quam
1065 1490 1161 1510 unam
1177 1478 1290 1517 λέξεως
1310 1479 1430 1521 ἀρετήν

126 1543 194 1564 esse
213 1532 403 1564 Aristoteles
423 1531 576 1574 docuit5),
602 1531 734 1563 Crassus
754 1532 903 1574 dignatus
923 1534 986 1573 est,
1009 1543 1104 1573 quam
1123 1533 1219 1573 longe
1242 1532 1430 1573 explicaret:

125 1585 230 1627 „Haec
246 1586 324 1617 satis
339 1597 432 1627 spero
447 1586 538 1617 vobis
555 1585 682 1627 quidem
698 1587 782 1617 certe
797 1585 972 1617 maioribus
987 1585 1124 1617 molesta
1139 1587 1171 1617 et
1184 1585 1297 1627 putida
1310 1585 1430 1617 videri“

126 1638 270 1682 (11151),
288 1650 393 1679 neque
413 1639 508 1670 ceteri
527 1639 680 1680 rhetores,
700 1639 754 1680 qui
769 1638 918 1670 laudibus
937 1638 1127 1670 elocutionis
1146 1640 1290 1679 utuntur,
1309 1639 1342 1670 in
1360 1650 1431 1680 per-

125 1692 298 1734 spicuitate
317 1694 491 1724 morantur.
516 1691 592 1724 Non
611 1703 674 1733 quo
693 1692 776 1724 hanc
796 1703 922 1733 quoque
941 1691 1093 1723 virtutem
1114 1691 1330 1733 grammaticis
1346 1703 1430 1723 com-

125 1746 302 1786 mitterent,
326 1745 380 1777 sed
404 1745 509 1776 studia
532 1756 589 1776 sua
612 1746 645 1777 in
668 1746 762 1776 unius
783 1746 848 1776 fere
868 1747 998 1776 ornatus
1018 1745 1240 1776 tractationem
1259 1745 1338 1777 adeo
1358 1756 1430 1777 con-

125 1801 298 1840 verterunt,
313 1800 348 1830 ut
364 1801 484 1830 ceteras
499 1799 634 1830 virtutes
649 1798 841 1830 elocutionis
855 1797 1109 1841 neglegerent⁶);
1128 1809 1321 1839 quamquam
1336 1799 1431 1840 pauci

216 1915 242 1946 1)
262 1913 527 1940 Concatenationem
545 1913 680 1939 virtutum
699 1912 825 1939 consulto
846 1913 880 1938 ab
900 1912 1043 1939 inventore
1062 1912 1167 1938 factam
1187 1920 1248 1939 esse
1266 1912 1319 1943 ita.
1339 1913 1370 1938 ut
1389 1913 1431 1938 in-

128 1961 244 1987 sequens
263 1953 447 1988 praecedente
466 1953 610 1985 niteretur,
629 1953 689 1979 veri
708 1952 798 1979 simile
818 1953 868 1978 est.

215 1995 242 2028 2)
262 1993 376 2025 Quintil.
387 1993 451 2020 VIII
465 1996 490 2026 2,
507 1996 534 2019 1:
550 1992 756 2027 „Perspicuitas
771 1992 801 2018 in
815 1992 906 2019 verbis
921 1992 1100 2026 praecipuam
1115 1992 1201 2018 habet
1211 1993 1430 2026 proprietatem“.

128 2033 233 2059 Auctor
250 2033 287 2060 ad
300 2033 420 2060 Herenn.
435 2033 472 2059 IV
484 2036 529 2060 17:
545 2033 730 2067 „Explanatio
746 2034 796 2065 est,
816 2041 888 2066 quae
906 2032 1000 2059 reddit
1019 2034 1144 2066 apertam
1160 2034 1188 2058 et
1202 2032 1356 2058 dilucidam
1371 2040 1432 2059 ora-

128 2072 245 2106 tionem;
260 2081 294 2100 ea
308 2075 485 2107 comparatur
499 2073 608 2099 duabus
618 2073 713 2099 rebus:
729 2073 841 2099 usitatis
850 2073 942 2098 verbis
952 2074 980 2098 et
990 2073 1136 2106 propriis.“
1157 2072 1261 2099 Graece
1276 2072 1359 2106 κύρια
1370 2072 1431 2106 ἔπη.

218 2114 243 2146 3)
261 2112 322 2139 Hoc
334 2114 523 2148 praeceptum,
543 2113 616 2147 quod
633 2113 667 2139 ad
683 2113 817 2139 σύνθεσιν
837 2113 912 2147 apud
929 2113 1096 2139 recentiores
1111 2112 1242 2146 pertinet,
1261 2112 1312 2138 sub
1327 2112 1431 2139 virtute

128 2152 337 2186 perspicuitatis
354 2153 478 2187 positum
497 2161 557 2180 esse
577 2153 612 2179 ad
632 2153 819 2187 Theophrasti
839 2153 977 2179 rationem
997 2153 1219 2187 cognoscendam
1238 2156 1390 2179 teneamus.

219 2193 245 2226 4)
265 2192 304 2219 Cf.
323 2191 470 2228 w.”¹‘1'1pov9
488 2201 547 2227 cap.
569 2196 600 2218 22
621 2193 742 2226 initium,
761 2193 876 2219 Aristot.
896 2192 972 2220 Poet.
994 2195 1137 2219 1458225.

218 2233 244 2266 ὂ)
263 2232 335 2259 Vide
352 2233 426 2259 infra
443 2242 471 2267 p.
487 2235 520 2259 30
530 2242 589 2267 sqq.

218 2274 244 2307 ὃ)
264 2272 324 2304 Qua
343 2273 377 2299 de
401 2281 485 2299 causa
503 2282 559 2300 non
582 2274 683 2299 mirum
707 2275 749 2300 est
773 2273 881 2300 nullum
904 2273 1093 2307 fragmentum
1117 2272 1182 2298 libri
1202 2272 1265 2305 περὶ
1283 2271 1379 2304 λέξεως
1398 2280 1431 2298 ex

128 2312 237 2339 duabus
256 2312 395 2346 prioribus
415 2313 563 2340 virtutibus
582 2314 760 2347 desumptum
779 2322 847 2340 esse.
