1566 2592
208 166 250 198 10
791 162 883 198 Caput
901 162 934 190 11.

206 248 245 279 de
259 246 482 288 Theophrasto
502 245 694 278 sententiam
713 247 921 287 perceperant
940 244 1136 286 eandemque
1155 244 1189 276 in
1205 243 1390 276 Ciceronem
1411 253 1522 285 quam·

206 302 255 333 vis
284 301 420 332 invitum
444 299 476 332 vi
504 299 781 341 interpretationis
804 298 992 330 intulerunt.
1026 297 1148 330 Nostra
1171 297 1272 339 igitur
1297 298 1344 329 ita
1368 295 1521 338 procedat

206 353 393 396 disputatio,
421 355 458 385 ut
484 353 626 395 primum
654 353 904 394 interpretemur
932 352 1039 393 ipsum
1065 350 1210 383 Orator-is
1234 350 1377 383 Tulliani
1404 350 1521 392 locum,

207 407 321 439 deinde
339 407 460 439 librum
479 406 613 438 tertium
628 406 666 438 de
682 405 816 438 Oratore
835 405 1054 446 adhibeamus,
1068 407 1138 437 tum
1153 404 1291 446 denique
1306 403 1521 445 Simplicium,

207 462 298 493 cuius
317 461 443 492 diversa
462 471 501 492 ex
519 460 644 492 ratione
664 458 826 501 quomodo
842 458 1006 491 Ciceronis
1022 458 1060 490 de
1075 457 1326 499 Theophrasteis
1345 456 1521 489 virtutibus

206 515 429 547 testimonium
448 514 509 545 viri
529 513 616 545 docti
635 512 840 553 mutaverint,
858 515 1023 554 postremo
1042 511 1217 544 videamus.

297 567 404 610 Atque
423 567 563 609 primum
583 566 722 607 quidem,
742 577 814 597 cum
834 565 868 597 in
887 565 1107 597 Romanorum
1126 564 1244 597 litteris
1262 563 1433 596 rhetoricis
1451 563 1523 606 plu-

206 622 325 654 rimum
345 632 472 662 semper
491 620 595 652 valeat
616 618 735 651 Graeca
754 619 833 650 artis
852 618 1009 651 vocabula
1028 629 1087 660 pro
1107 618 1232 650 Latinis
1255 618 1437 659 restituere,
1459 616 1522 649 hoc

205 687 266 718 nos
285 675 390 707 facere
409 677 520 706 nostro
550 684 679 716 quoque
703 673 776 705 loco
806 674 942 714 oportet.
971 671 1086 713 Neque
1109 671 1243 703 dubium
1267 674 1325 714 est,
1353 671 1432 713 quin
1449 670 1523 712 tria,

208 740 290 771 quae
309 729 434 760 Tullius
455 727 564 770 priora
583 727 791 767 enumeravit,
810 729 895 758 recte
906 725 930 769 ¹)
950 727 1113 757 vertamus
1128 724 1178 756 his
1195 724 1325 756 Graecis
1343 723 1522 768 vocabulis:

210 784 237 815 1.
253 782 458 824 ἑλληνισμός,
477 782 506 813 2.
517 782 690 823 σαφήνεια,
709 780 737 811 3.
749 779 885 821 πρέπον.
914 778 953 811 In
972 781 1087 820 quarta
1105 780 1214 810 tamen
1233 778 1327 810 laude
1345 778 1523 818 haeremus,

208 847 304 878 quain
320 847 417 867 unam
432 845 501 866 esse
516 834 576 866 etsi
593 833 704 865 Cicero
719 835 829 875 aperte
845 833 948 872 docet,
966 834 1076 864 tamen
1094 832 1200 864 tribus
1214 831 1320 863 voluit
1336 830 1524 863 nominibus

208 891 380 932 appellare,
399 899 472 920 cum
492 888 538 919 ita
557 887 690 919 diceret:
714 887 877 918 ‘ornatum
896 885 990 927 illud,
1015 896 1112 918 suave
1131 887 1163 917 et
1187 884 1331 916 afluens’.
1357 883 1386 916 E
1406 883 1524 926 quibus

208 955 308 975 unum
328 942 531 982 vocabulum,
551 941 675 973 scilicet
694 951 804 982 suave,
825 938 946 972 Graeca
964 949 1042 971 voce
1062 939 1141 980 ἡδύ,
1164 938 1255 970 cuius
1275 938 1309 970 in
1332 939 1402 970 arte
1419 936 1526 970 rheto-

207 998 275 1029 rica
292 996 359 1029 vim
378 996 442 1028 late
461 996 624 1036 patentem
644 1005 738 1026 nemo
759 994 904 1036 ignorat,
930 994 998 1025 sine
1021 992 1119 1024 dubio
1145 991 1235 1024 reddi
1260 993 1377 1033 potest.
1404 990 1526 1024 Tamen

210 1050 388 1091 Strillerus,
408 1049 464 1090 qui
483 1048 554 1080 loco
573 1048 705 1080 laudato
720 1058 798 1079 voce
813 1047 870 1079 illa
889 1048 1060 1079 contentus
1075 1048 1134 1087 est,
1152 1047 1277 1087 partem
1296 1045 1377 1077 bene
1396 1054 1527 1077 conver-

208 1105 259 1143 tit,
278 1106 382 1135 totam
397 1103 550 1134 virtutem
570 1112 637 1133 non
655 1101 844 1133 nominavit.
873 1099 1108 1138 Quaerentibus
1128 1098 1232 1141 nobis,
1250 1109 1315 1140 quo
1331 1097 1451 1131 erco
1469 1107 1526 1131 no-

209 1158 296 1190 mine
314 1157 556 1198 Theophrastus
576 1156 625 1187 uti
644 1155 796 1196 potuerit,
819 1154 959 1186 maxime
983 1152 1250 1186 considerandum
1270 1154 1320 1183 est
1338 1150 1524 1184 Ciceronem

209 1211 244 1243 in
261 1210 346 1242 libro
361 1209 410 1241 De
425 1208 536 1241 Or.111
555 1208 688 1241 eandem
706 1208 834 1240 laudem
854 1219 918 1239 una
931 1217 1010 1239 voce
1029 1208 1191 1248 appellare
1206 1202 1422 1248 ‘ornatum’.²)
1441 1203 1526 1237 Sane

208 1275 249 1297 ne
268 1264 301 1295 id
321 1263 451 1305 quidem
470 1262 663 1294 vocabulum
683 1261 762 1293 satis
787 1261 956 1293 definitum
980 1262 1042 1302 est,
1061 1262 1099 1292 ut
1122 1262 1209 1293 certa
1234 1258 1359 1291 ratione
1378 1258 1411 1290 in
1431 1256 1526 1290 Grae-

210 1329 282 1350 eum
307 1328 486 1349 sermonem
509 1316 731 1348 transferatur.
765 1316 902 1356 Κόσμος
919 1325 1039 1346 nomen
1064 1324 1131 1345 non
1155 1312 1312 1355 probatur
1335 1322 1396 1344 usu
1419 1311 1526 1343 rheto-

209 1383 290 1404 rum.
320 1371 383 1403 Sed
402 1370 429 1402 si
449 1370 605 1401 virtutum
626 1368 752 1400 dicendi
770 1368 941 1400 historiam
960 1370 1073 1409 postea
1092 1377 1272 1409 percurres,
1294 1365 1434 1407 videbis,
1457 1363 1526 1406 qui-

208 1425 270 1457 bus
289 1424 470 1456 rationibus
489 1423 645 1455 adductus
664 1422 794 1454 nomine
820 1422 1040 1463 κατασκευή
1069 1423 1217 1462 quartam
1237 1419 1366 1452 laudem
1385 1429 1405 1450 a
1422 1417 1527 1450 Theo·

209 1478 343 1521 phrasto
363 1488 509 1509 censeam
529 1487 597 1508 esse
623 1477 825 1518 appellatam.
855 1475 964 1516 Atque
989 1474 1068 1506 haec
1092 1474 1222 1516 quidem
1246 1473 1284 1505 de
1309 1471 1437 1504 Graecis
1459 1471 1528 1504 lau-

210 1533 286 1564 dum
314 1531 487 1563 vocabulis.
519 1530 587 1562 Iam
613 1530 654 1561 ad
680 1540 788 1561 earum
822 1539 990 1561 numerum
1020 1528 1232 1560 attendamus,
1265 1526 1416 1559 Feliciter
1440 1525 1527 1558 enim

211 1585 336 1627 accidit,
356 1584 443 1626 quod
458 1583 569 1616 Cicero
585 1586 650 1615 tam
671 1584 818 1614 accurate
837 1582 1027 1614 numeravit.
1056 1580 1217 1619 Quattuor
1234 1579 1346 1612 laudes
1365 1578 1526 1621 descripto

211 1638 356 1681 ordine⁸)
385 1639 485 1669 affert.
518 1637 621 1675 Quam
650 1638 719 1678 ipse
748 1638 863 1678 quarto
887 1636 959 1667 loco
983 1636 1134 1677 collocat,
1158 1633 1291 1666 eandem
1315 1631 1402 1675 apud
1425 1631 1529 1665 Theo-

210 1693 380 1735 phrastum
401 1692 541 1723 affirmat
561 1693 708 1732 quartam
728 1690 836 1721 fuisse.
865 1688 945 1727 Quis
963 1690 1026 1729 est,
1051 1688 1107 1730 qui
1131 1698 1207 1720 casu
1225 1687 1288 1719 hoc
1311 1687 1434 1718 factum
1457 1695 1526 1718 esee

212 1747 342 1779 credat?
370 1745 563 1788 Negandum
589 1744 689 1776 immo
713 1754 788 1775 vero
813 1745 862 1774 est
889 1745 953 1774 tres
976 1741 1100 1783 laudes,
1125 1752 1206 1783 quae
1230 1740 1317 1782 apud
1339 1738 1526 1772 Ciceronem

212 1802 357 1842 quartam
378 1799 579 1839 antecedunt,
599 1798 679 1829 alias
699 1807 778 1838 esse,
798 1808 894 1838 quam
914 1796 987 1828 illas
1006 1797 1071 1827 tres
1090 1795 1210 1836 laudes,
1230 1804 1310 1836 quas
1324 1791 1411 1834 apud
1423 1791 1527 1824 ’Πιθο-

211 1854 382 1896 phrastum
407 1852 615 1884 antecessisse
638 1862 791 1883 numerus
815 1850 916 1882 docet.
949 1849 1098 1890 Accedit,
1122 1847 1209 1890 quod
1232 1847 1289 1879 illa
1313 1846 1352 1878 de
1374 1844 1526 1878 laudibus

213 1907 311 1939 verba
329 1909 366 1938 ut
386 1907 469 1938 'mter
489 1917 521 1937 se
545 1906 717 1937 coniuncta
736 1907 769 1936 et
787 1904 939 1936 continua
962 1904 1050 1943 sunt,
1074 1901 1119 1933 ita
1143 1912 1162 1932 a
1185 1900 1332 1933 finitimis
1351 1898 1458 1931 verbis
1481 1897 1526 1930 di·

214 1961 432 2002 stinguuntur.
461 1959 567 1991 Antea
585 1959 670 1990 enim
686 1957 812 1990 Tullius
827 1957 912 1989 idem
931 1956 998 1987 fere
1012 1955 1084 1987 aliis
1102 1954 1209 1987 verbis
1227 1953 1386 1996 exposuit,
1404 1951 1528 1984 scilicet

214 2014 366 2046 subtilem
395 2015 555 2045 oratorem
584 2012 744 2055 elegantia
772 2011 940 2051 excellere,
967 2009 1021 2041 sed
1049 2007 1247 2041 ornamentis
1275 2017 1395 2048 carere,
1423 2005 1470 2037 ita
1489 2006 1527 2038 ut

306 2103 330 2136 1)
350 2101 393 2127 Ita
413 2101 499 2127 etiam
519 2099 658 2126 convertit
672 2099 794 2126 Striller:
815 2098 856 2125 De
871 2097 1028 2124 Stoicorum
1043 2095 1145 2123 studiis
1159 2094 1306 2122 rhetoricis
1321 2103 1347 2128 p.
1358 2097 1401 2120 51.
1429 2093 1526 2126 Locos,

214 2142 317 2175 quibus
331 2141 474 2176 probetur,
494 2140 670 2174 collegerunt
684 2139 828 2166 Causeret:
849 2131 941 2165 Etude
956 2146 1003 2164 sur
1016 2137 1046 2163 la
1064 2136 1167 2170 langue
1183 2136 1218 2162 de
1232 2134 1260 2161 la
1275 2134 1436 2168 rhetorique
1455 2133 1526 2160 dns

214 2182 330 2209 Ciceron
359 2183 450 2215 (1886)
479 2182 508 2207 et
536 2179 758 2215 Geigenmt'iller:
793 2179 977 2211 Quaestiones
1005 2177 1195 2211 Dionysianae
1224 2175 1258 2202 de
1286 2173 1430 2202 vocabulis
1457 2172 1526 2200 arti·

215 2222 339 2249 criticae.

305 2264 331 2296 2)
351 2262 391 2288 Cf.
412 2261 486 2288 infra
505 2271 531 2296 p.
549 2264 590 2292 11.
610 2270 637 2295 p.
655 2263 754 2294 18sqq.

305 2304 332 2337 3)
351 2302 447 2328 Etiam
467 2301 580 2328 dicendi
600 2301 709 2327 ratione
729 2300 824 2326 Cicero
844 2298 1085 2326 enumerationem
1104 2296 1282 2331 significavit.
1311 2294 1384 2322 Nam
1407 2292 1527 2328 asynde—

214 2345 270 2370 t‘ice
289 2344 318 2369 et
337 2341 515 2369 membratim
534 2341 625 2376 magis
645 2349 729 2375 quam
748 2339 890 2374 periodice
909 2339 1019 2366 locutus
1041 2339 1090 2364 est.
