1566 2592
228 153 270 185 68
810 150 902 186 Caput
920 150 953 177 V.

221 234 446 276 elocutionem,
462 233 768 276 pronuntiationem,
783 233 982 265 memoriam.
1010 231 1154 264 Tertium
1174 236 1272 274 caput
1286 231 1324 263 de
1344 231 1542 273 quaestioui-

222 288 282 320 bus
302 288 409 330 potuit
428 287 607 319 inventioni
627 286 709 329 dari,
733 287 765 318 in
786 297 849 328 qua
869 286 1062 318 desideranti
1082 296 1135 317 eas
1154 285 1222 317 filio
1242 284 1415 327 respondet
1433 286 1540 326 pater:

221 341 327 383 „Loco
346 343 383 373 tu
402 341 531 383 quidem
548 340 694 382 quaeris“
708 340 808 383 (Part.
823 339 876 372 Or.
892 339 935 382 8).
965 338 1122 371 Similiter
1140 339 1275 371 alterum
1296 340 1393 380 caput
1412 337 1450 370 de
1469 349 1540 371 ora-

221 396 319 437 tione,
346 396 364 427 i.
380 406 406 427 e.
430 395 468 427 de
492 395 647 426 orationis
672 394 832 436 partibus,
857 393 1063 425 collocationi
1092 391 1192 424 tribui
1215 391 1349 424 solebat.
1383 390 1540 424 Consulto

223 449 324 491 igitur
343 448 488 481 videmus
508 448 615 489 capita
635 447 783 488 distrahi,
806 449 843 478 ut
862 447 1036 488 separatim
1061 445 1241 478 definiendo
1265 445 1391 477 facilius
1415 445 1539 478 intelle-

221 504 347 545 gantur.
355 502 380 545 l)
408 502 554 534 Eandem
575 501 733 533 rationem
753 501 786 532 in
806 500 997 541 elocutione,
1017 510 1098 541 quae
1117 499 1190 531 inde
1210 510 1228 530 a
1247 500 1266 539 ξ
1291 499 1332 531 16
1356 499 1539 540 exponitur,

221 556 361 588 adhibet.
391 555 579 597 Complures
603 555 809 597 partitiones,
833 565 914 596 quae
934 554 1019 585 inter
1038 564 1071 585 se
1090 563 1155 584 non
1179 552 1364 594 cohaerent,
1388 552 1539 594 deinceps

221 611 462 642 enumerantur:
482 608 526 652 (I)
546 608 655 640 Prima
675 608 809 650 partitio
830 610 879 639 est
898 608 932 639 in
952 618 1053 650 genus
1081 617 1138 637 sua
1162 607 1276 647 sponte
1300 605 1408 638 fusum
1435 603 1539 648 (εἰρο-

221 663 303 705 μένη
319 662 417 705 λέξις)
433 664 466 694 et
480 673 581 705 genus
596 673 724 694 versum
739 663 836 703 atque
850 662 1011 693 mutatum
1027 658 1332 702 (κατεστραμμένη).
1353 657 1412 702 (II)
1426 659 1538 692 Altera

220 717 319 749 estin
334 717 431 748 <rerba
451 716 611 758 simplicia
631 718 664 747 et
683 715 862 747 coniuncta.
890 713 1093 756 Simplicium
1108 712 1189 744 duae
1208 712 1382 744 divisiones
1401 713 1536 745 afferun-

222 772 284 812 tur,
304 781 439 812 quarum
459 770 559 802 altera
584 770 717 801 alteram
737 767 842 800 reddit
865 767 1062 809 superfluam
1087 765 1121 809 (ξ
1137 767 1188 807 16,
1204 766 1269 809 17).
1298 765 1335 798 ln
1354 765 1536 798 coniunctis

219 824 284 855 duo
305 824 522 855 dissimillima
550 823 792 865 coniunguntur
817 823 997 864 praecepta,
1025 822 1062 852 ut
1086 830 1258 852 numerosa
1276 819 1320 851 sit
1337 819 1539 862 compositio,

220 877 308 919 quod
327 877 367 909 ad
387 879 537 909 ornatum
561 877 715 918 pertinet,
739 875 889 917 alterum,
909 876 945 906 ut
969 874 1182 915 σολοικισμός
1204 873 1356 905 evitetur:
1377 872 1482 915 „Nam
1500 874 1539 905 ut

220 931 253 962 in
273 930 474 972 simplicibus
500 930 621 972 verbis,
648 929 734 971 quod
761 939 826 960 non
854 930 902 960 est
921 927 1087 968 Latinum,
1114 927 1161 959 sic
1179 927 1214 958 in
1236 926 1432 968 coniunctis,
1451 925 1538 969 quod

218 995 285 1016 non
312 986 361 1016 est
387 995 602 1026 consequens,
628 982 874 1025 vituperandum
901 982 975 1014 est“.
1009 980 1087 1024 (III)
1106 980 1216 1012 Tertia
1241 980 1379 1022 denique
1404 979 1537 1022 partitio

219 1038 399 1070 communis
419 1040 468 1070 est
484 1037 686 1079 simplicibus
705 1038 738 1068 et
757 1036 937 1068 coniunctis
956 1035 991 1067 in
1008 1035 1170 1076 „quinque
1189 1034 1281 1076 quasi
1300 1034 1437 1066 lumina:
1456 1033 1539 1066 dilu-

219 1092 337 1133 cidum,
356 1092 461 1133 breve,
480 1091 657 1133 probabile,
676 1090 812 1132 illustre,
831 1089 946 1121 suave“
964 1087 1047 1131 (19).

308 1145 416 1177 Facile
435 1146 712 1188 recognoscuntur
730 1143 866 1175 virtutes
886 1142 1087 1183 elocutionis,
1106 1141 1235 1183 quaein
1250 1141 1311 1173 hoc
1330 1140 1415 1173 libro
1430 1140 1535 1182 ‘quasi

186 1227 188 1233 .
219 1199 355 1231 lumina’
375 1200 589 1240 appellantur.
619 1197 682 1230 Sed
697 1208 892 1239 quamquam
907 1196 1150 1238 Theophrastea
1165 1194 1311 1227 doctrina
1326 1194 1445 1236 subest,
1463 1194 1536 1236 ipsa

222 1253 389 1285 doctrinae
412 1252 495 1284 ratio
515 1251 554 1284 ab
575 1262 612 1284 eo
633 1251 747 1283 differt.
776 1250 924 1282 Brevitas
939 1248 1140 1292 (συντομία),
1159 1259 1253 1290 quam
1275 1247 1377 1281 Stoici
1397 1248 1536 1280 inserue-

222 1309 308 1348 runt,
326 1306 413 1338 inter
431 1306 567 1337 virtutes
587 1303 740 1348 (lumina)
759 1305 944 1336 numeratur
951 1302 985 1346 ²),
1003 1314 1069 1335 non
1088 1313 1152 1344 quo
1167 1313 1204 1334 ea
1218 1302 1256 1334 de
1276 1312 1371 1334 causa
1385 1301 1537 1333 Partitio-

221 1371 277 1392 nes
297 1371 336 1391 ex
357 1359 467 1392 Stoico
486 1359 576 1391 fonte
595 1358 727 1390 fluxisse
747 1357 883 1390 dixerim
896 1375 941 1380 —-
956 1356 1068 1388 Cicero
1082 1355 1289 1388 Academiam
1308 1355 1479 1397 profitetur
1494 1373 1535 1378 -

218 1416 328 1446 tamen
342 1414 411 1446 eius
430 1415 594 1445 auctorem
609 1414 684 1455 post
699 1411 826 1444 Stoicos
841 1410 1007 1452 scripsisse
1022 1411 1163 1452 apparet.
1191 1408 1316 1441 Deinde
1330 1409 1420 1441 deest
1431 1408 1538 1450 prima

220 1468 323 1500 virtus
342 1467 530 1499 Latinitatis
554 1464 789 1510 (ἑλληνισμός),
813 1465 868 1497 sed
891 1465 1001 1507 potius
1021 1463 1054 1495 in
1077 1474 1211 1495 numero
1235 1462 1350 1494 horum
1377 1461 1536 1494 luminum

221 1532 318 1563 quam
339 1521 372 1552 in
391 1522 463 1552 toto
477 1520 572 1552 libro.
600 1520 687 1552 Loco
703 1519 788 1551 enim
804 1530 852 1561 eo,
870 1529 964 1560 quem
985 1517 1079 1560 attigi
1095 1515 1196 1560 (Part.
1206 1515 1258 1548 Or.
1272 1515 1338 1559 18),
1356 1517 1394 1547 ut
1411 1515 1446 1547 in
1460 1515 1536 1547 sim-

219 1575 358 1617 plicibus
378 1574 499 1616 verbis,
518 1574 606 1616 quod
625 1584 691 1605 non
710 1575 759 1605 est
777 1572 929 1604 Latinum
950 1569 1215 1613 (βαρβαρισμός),
1233 1569 1279 1602 sic
1293 1569 1328 1601 in
1346 1568 1535 1609 coniunctis,

220 1629 308 1670 quod
326 1639 392 1660 non
411 1629 461 1660 est
484 1638 683 1669 consequens
702 1624 953 1670 (σολοικισμός),
976 1624 1184 1666 vituperatur.
1214 1622 1416 1664 Quamquam
1435 1622 1537 1666 igitur

220 1693 286 1714 non
306 1682 369 1714 nisi
388 1681 426 1714 ἐν
443 1680 612 1724 παρέργῳ,
633 1682 740 1712 tamen
760 1680 1031 1712 commemoratur
1056 1677 1258 1719 ἑλληνισμός.
1286 1676 1337 1708 Ex
1360 1675 1536 1709 virtutibus

220 1747 257 1768 eo
277 1735 404 1768 facilius
424 1734 564 1776 evanuit,
583 1745 646 1776 quo
667 1734 769 1777 magis
789 1734 960 1775 praecepta
974 1732 1043 1764 eius
1061 1731 1103 1763 ad
1121 1730 1350 1774 grammaticae
1368 1730 1446 1762 artis
1466 1729 1535 1762 offi-

219 1789 305 1821 cium
325 1789 532 1821 transierunt.
560 1787 636 1820 Non
656 1787 786 1830 gravior
804 1788 853 1818 est
871 1786 968 1818 tertia
987 1784 1174 1817 differentia.
1203 1783 1445 1825 Theophrastus
1463 1793 1534 1815 eam

219 1843 389 1884 virtutem,
408 1853 490 1884 quae
510 1843 698 1874 ornamenta
717 1839 956 1882 complectitur,
975 1840 1010 1871 in
1028 1838 1107 1870 duas
1126 1839 1232 1880 partes
1252 1836 1375 1878 divisit,
1398 1838 1535 1877 μεγαλο-

219 1894 339 1936 πρεπὲς
358 1894 412 1927 καὶ
430 1896 587 1937 περιττόν
606 1897 638 1927 et
657 1894 730 1936 ἡδύ.
759 1893 794 1926 In
815 1892 1050 1925 Partitionibus
1069 1891 1198 1924 vinculo
1225 1889 1384 1922 dissoluto
1404 1889 1468 1922 duo
1486 1889 1535 1921 lu·

220 1950 308 1981 mina
327 1951 565 1990 enumerantur,
584 1948 709 1980 illustre
729 1944 1001 1990 (μεγαλοπρεπές)
1022 1947 1053 1977 et
1076 1956 1173 1976 suave
1193 1942 1295 1987 (ἡδύ).
1324 1943 1433 1985 Atque
1456 1942 1535 1984 quid

220 2005 263 2035 sit
283 2003 413 2044 ‘suave',
432 2002 565 2034 dubium
585 2013 650 2033 non
671 2003 727 2033 est.
755 2000 885 2033 illustre
905 2001 1011 2031 autem
1037 2000 1130 2030 erant
1156 1997 1211 2039 qui
1237 1997 1413 2039 ἐνάργειαν
1436 1995 1536 2038 expli-

220 2058 330 2089 carent
345 2055 455 2099 (etiam
472 2055 636 2097 Mayerus:
652 2066 673 2096 p
695 2055 761 2097 16),
780 2065 883 2096 neque
898 2055 1007 2095 potest
1021 2051 1131 2094 negari
1146 2051 1179 2083 in
1193 2050 1255 2082 hoc
1274 2050 1379 2092 capite
1398 2049 1536 2091 ἐναργές

311 2132 335 2165 1)
354 2131 431 2158 Idem
447 2139 513 2156 usus
528 2130 648 2156 eundem
667 2129 794 2155 ordinem
813 2127 916 2161 effecit,
930 2129 963 2153 ut
978 2127 1050 2153 hanc
1064 2126 1183 2161 primam
1198 2125 1267 2152 artis
1286 2124 1424 2158 διαίρεσιν
1438 2123 1536 2151 Cicero

220 2172 299 2198 dedit
323 2171 351 2197 in
375 2170 513 2205 prooemii
537 2171 689 2203 conspectu
709 2169 750 2195 De
770 2168 814 2195 Or.
829 2167 850 2200 1,
867 2170 998 2201 138sqq.:
1019 2169 1069 2193 138
1088 2165 1177 2198 τέλος,
1196 2165 1246 2200 ὕλη
1266 2164 1369 2199 (θέσις,
1387 2164 1535 2198 ὑπόθεσις)

222 2215 271 2238 142
292 2210 411 2238 oratoris
429 2210 471 2237 vis
490 2210 519 2236 in
539 2209 663 2243 quinque
682 2210 776 2243 partes
796 2207 957 2240 distributa,
979 2210 1029 2234 143
1049 2206 1184 2233 orationis
1204 2208 1307 2240 partes.

311 2253 336 2286 2)
354 2251 415 2278 Etsi
435 2250 561 2278 definitio
580 2250 727 2277 brevitatis
742 2251 854 2284 praeter
871 2248 1103 2283 perspicuitatem
1118 2247 1157 2273 nil
1173 2246 1237 2273 novi
1256 2246 1350 2273 habet.
1379 2244 1535 2272 Obscurum

219 2294 270 2319 aut
289 2291 467 2326 longitudine
487 2292 536 2317 aut
555 2290 747 2317 contractione
766 2289 826 2316 fieri
841 2288 919 2315 dicit.
948 2288 1073 2315 Medium
1093 2295 1159 2321 ergo
1178 2289 1285 2313 rectum
1305 2286 1422 2312 videtur.
1450 2284 1534 2318 „Bre-

219 2333 292 2359 vitas
312 2333 364 2367 (fit)
381 2353 386 2359 .
403 2353 408 2358 .
425 2352 430 2358 .
451 2331 522 2358 nulli
541 2330 581 2358 rei
601 2331 655 2357 nisi
675 2331 707 2357 ut
725 2330 845 2357 dilucide
865 2329 951 2362 dicas,
972 2328 1135 2355 serviendo⁴⁸
1154 2329 1218 2361 (19).
