1566 2592
173 116 216 148 30
757 115 849 150 Caput
867 115 913 142 111,

174 211 232 232 sua
251 202 394 241 ipsorum
414 208 514 240 opera
532 197 699 240 discipulis
714 197 754 229 ad
769 197 982 229 imitationem
996 196 1232 238 proponebant,
1249 208 1323 229 cum
1344 195 1493 239 exempla

175 254 249 285 dare
273 252 407 284 mallent
431 262 527 293 quam
551 250 758 293 praecepta.¹)
791 250 837 283 Ut
860 261 961 282 unum
980 251 1125 292 afferam,
1150 249 1313 294 Gorgiana
1331 252 1492 293 σχήματα,

175 318 257 348 quae
285 306 370 348 apud
399 307 546 347 posteros
574 305 666 347 quasi
695 305 787 347 signa
815 304 1012 346 sophisticae
1041 304 1193 336 dictionis
1221 305 1327 336 solent
1359 315 1441 346 esse,
1473 314 1494 336 a

176 360 298 403 Gorgia
321 359 355 391 in
378 359 463 391 libro
487 357 563 400 περὶ
587 358 703 396 λέξεως
727 360 783 390 aut
806 358 840 390 in
858 359 951 400 parte
973 357 1090 400 τέχνης
1109 357 1284 400 ῥητορικῆς
1302 359 1441 390 tractata
1458 359 1492 390 et

175 415 345 456 praecepta
367 423 436 445 esse
459 414 549 445 nullo
573 414 765 455 argumento
788 411 953 454 probatur.
981 410 1086 443 Immo
1110 422 1186 443 vero
1210 412 1331 453 scripta
1354 411 1423 444 eius
1446 412 1493 443 ta-

174 467 253 499 lium
282 467 377 509 plena
405 467 581 509 figurarum
610 466 786 507 discipulos
805 465 846 497 ad
870 465 1061 497 imitandum
1091 465 1360 507 adhortabantur3
1390 475 1493 507 eoque

175 522 244 553 iure
263 520 393 552 nomine
409 519 547 563 Gorgiae
566 518 813 562 appellabantur
832 529 869 550 ea
888 519 1043 560 σχήματα.

265 573 353 612 Quae
372 585 444 605 cum
464 573 511 605 ita
530 573 604 615 sint,
623 573 741 605 mirum
761 583 826 604 non
846 574 895 604 est
914 573 968 604 vix
982 572 1082 604 ullum
1105 571 1285 604 rhetoricae
1299 571 1493 605 elocutionis

174 630 392 671 praeceptum,
411 627 498 669 quod
513 629 626 669 postea
640 627 778 658 multum
794 625 898 657 valere
914 625 1067 667 videmus,
1086 625 1127 658 ad
1141 626 1362 668 sophistarum
1376 625 1493 668 τέχνας

175 681 286 714 referri
306 692 410 723 posse.

265 735 316 767 Ne
336 735 374 767 de
394 734 570 766 virtutibus
590 733 720 775 quidem
740 733 867 765 dicendi
885 735 1056 775 praecepta
1075 732 1226 764 videntur
1245 731 1411 775 sophistae
1430 734 1494 764 tra-

176 789 302 821 didisse.
340 787 533 820 Aristoteles
561 787 685 829 primus
714 788 802 819 certa
829 797 888 818 nos
913 786 1014 818 docet.
1051 785 1089 818 In
1120 786 1216 818 tertio
1245 785 1494 818 Rhetoricorum

174 843 259 875 libro
275 841 404 886 (1404b
414 841 447 885 l)
463 841 654 874 elocutionis
669 852 767 872 unam
782 840 897 872 statuit
909 850 978 871 esse
992 840 1146 872 virtutem
1159 851 1295 882 eamque
1306 839 1355 872 sic
1368 838 1493 872 definit:

170 895 320 938 Ὡρίσθω
346 895 462 934 λέξεως
485 894 585 937 ἀρετή
610 899 699 936 σαφῆ
724 891 824 926 εἶναι·
851 898 990 935 σημεῖον
1008 893 1071 935 γὰρ
1091 893 1142 926 ὅτι
1162 893 1180 925 ὁ
1202 895 1315 935 λόγος,
1338 892 1411 936 [ὡς]
1435 891 1494 925 ἐὰν

176 951 219 991 μὴ
240 951 346 991 δηλοῖ,
366 950 407 981 οὐ
426 950 558 990 ποιήσει
578 948 615 980 τὸ
634 946 755 980 ἑαυτοῦ
775 946 888 988 ἔργον·
909 946 963 979 καὶ
981 948 1062 989 μήτε
1081 947 1241 988 ταπεινὴν
1258 948 1339 989 μήτε
1355 945 1440 989 ὑπὲρ
1455 945 1495 979 τὸ

178 1003 313 1045 ἀξίωμα,
333 1002 416 1035 ἀλλὰ
435 1002 642 1042 πρέπουσαν;
671 1000 783 1033 Oratio
803 1000 943 1033 dilucida
962 1002 1046 1042 esto,
1066 1001 1112 1032 ita
1131 1000 1321 1032 elocutionis
1340 1000 1494 1033 virtutem

181 1057 313 1098 definio,
337 1056 413 1098 quia
431 1056 494 1088 nisi
512 1067 580 1087 rem
603 1055 732 1096 aperiet,
755 1065 848 1086 suum
868 1065 934 1086 non
953 1053 1130 1096 praestabit
1148 1053 1301 1086 officium.
1329 1053 1420 1086 Neve
1437 1053 1496 1086 hu-

177 1111 263 1143 milis
288 1122 364 1143 neve
389 1110 432 1142 sit
456 1121 554 1151 supra
577 1109 783 1152 dignitatem,
807 1108 862 1140 sed
886 1110 970 1150 apta.
999 1107 1087 1145 Quae
1111 1107 1257 1139 definitio
1282 1107 1435 1140 virtutem
1459 1107 1495 1139 in

176 1167 284 1207 partes
309 1164 465 1196 dissecare
489 1163 631 1204 videtur,
655 1161 835 1204 simplicem
858 1163 967 1193 tamen
991 1172 1060 1193 eam
1084 1161 1281 1193 intellectam
1301 1161 1404 1194 voluit
1421 1159 1494 1193 Ari-

177 1218 318 1251 stoteles.

268 1272 401 1314 Semper
424 1271 509 1303 enim
533 1270 691 1311 simulari
714 1280 847 1301 numero
871 1280 948 1301 usus
972 1279 1069 1301 unam
1093 1267 1210 1307 λέξεως
1229 1268 1372 1311 ἀρετήν
1394 1267 1496 1310 ex‘pli-

178 1326 276 1367 cavit,
296 1336 461 1366 nunquam
480 1335 556 1356 vero
577 1323 730 1365 ἀρετάς,
755 1325 811 1355 aut
830 1323 908 1354 duas
927 1324 984 1354 aut
1001 1323 1119 1364 plures.
1149 1321 1214 1354 Cur
1232 1325 1341 1354 tamen
1359 1321 1400 1354 ad
1419 1321 1495 1354 defi-

177 1379 334 1412 nitionem
353 1390 419 1410 non
442 1389 507 1410 uno
535 1378 717 1419 σαφηνείας
743 1376 900 1409 vocabulo
927 1387 1004 1408 usus
1030 1376 1087 1418 sit,
1113 1376 1168 1408 sed
1193 1375 1374 1418 explicandi
1399 1386 1496 1408 causa

178 1433 289 1465 statim
313 1432 472 1464 addiderit
499 1430 554 1463 καὶ
577 1432 657 1472 μήτε
681 1431 841 1472 ταπεινὴν
863 1431 943 1471 μήτε
969 1429 1052 1471 ὑπὲρ
1082 1430 1119 1462 τὸ
1143 1429 1283 1471 ἀξίωμα,
1313 1429 1396 1462 ἀλλὰ
1417 1427 1495 1471 πρέ-

178 1495 324 1527 πουσαν,
351 1485 497 1517 adhibita
523 1485 700 1517 ethiearum
726 1484 884 1515 virtutum
915 1482 1065 1526 analogia
1089 1482 1184 1515 facile
1207 1482 1415 1526 intellegitur.
1447 1481 1495 1515 Ut

178 1541 216 1572 de
236 1540 388 1572 universa
406 1539 538 1571 virtutis
557 1539 681 1570 ratione
701 1538 735 1569 in
754 1537 880 1569 Ethicis
899 1535 970 1569 Nic.
990 1537 1069 1568 haec
1089 1536 1182 1568 dixit:
1206 1535 1337 1578 Ῥητέον
1360 1533 1424 1568 οὖν
1445 1534 1496 1568 ὅτι

177 1599 266 1626 πᾶσα
285 1593 397 1635 ἀρετή,
417 1590 457 1624 οὗ
477 1591 519 1624 ἂν
538 1588 559 1635 ᾗ
578 1591 688 1632 ἀρετή,
708 1590 789 1623 αὐτό
808 1602 842 1623 τε
861 1588 899 1623 εὖ
919 1592 996 1632 ἕχον
1016 1589 1170 1623 ἀποτελεῖ
1187 1589 1240 1622 καὶ
1259 1591 1297 1623 τὸ
1316 1588 1418 1632 ἔργον
1436 1588 1495 1622 αὖ-

178 1652 238 1679 τοῦ
268 1645 305 1679 εὖ
334 1646 556 1686 ἀποδίδωσιν,
585 1641 659 1678 οἷον
688 1645 707 1686 ἡ
735 1649 796 1677 τοῦ
825 1644 1008 1686 ὀφθαλμοῦ
1037 1643 1136 1686 ἀρετὴ
1165 1645 1225 1676 τόν
1253 1655 1288 1676 τε
1316 1642 1496 1685 ὀφθαλμὸν

179 1701 366 1733 σπουδαῖον
389 1706 481 1732 ποιεῖ
502 1700 555 1732 καὶ
579 1700 616 1731 τὸ
639 1697 740 1740 ἔργον
764 1698 881 1730 αὐτοῦ·
906 1702 945 1740 τῇ
969 1697 1032 1739 γὰρ
1055 1702 1116 1729 τοῦ
1136 1697 1316 1739 ὀφθαλμοῦ
1336 1696 1435 1739 ἀρετῇ
1457 1693 1495 1728 εὖ

179 1755 309 1796 ὁρῶμεν
324 1752 368 1796 (p.
386 1753 497 1785 1106a
514 1752 580 1796 13),
597 1752 643 1784 ita
658 1751 773 1790 λέξεως
787 1751 908 1794 ἀρετήν
923 1751 1185 1793 perspicuitatem
1200 1761 1268 1782 esse
1283 1750 1495 1782 demonstrat:

179 1813 317 1849 σημεῖον
337 1807 400 1848 γὰρ
421 1807 471 1838 ὅτι
492 1806 510 1839 ὁ
526 1808 631 1847 λόγος,
651 1805 723 1847 [ὡς]
741 1805 799 1838 ἐὰν
813 1805 856 1847 μὴ
872 1806 979 1846 δηλοῖ,
998 1805 1038 1836 οὐ
1053 1806 1185 1845 ποιήσει
1198 1805 1236 1836 τὸ
1255 1802 1376 1836 ἑαυτοῦ
1395 1804 1496 1845 ἔργον

179 1861 309 1904 (14041)
320 1860 363 1903 2).
398 1860 485 1892 Haec
504 1862 553 1892 est
573 1860 673 1902 igitur
691 1870 756 1891 una
774 1859 877 1891 virtus
894 1858 1142 1900 perspicuitatis.
1171 1857 1289 1889 Ethica
1307 1859 1415 1889 autem
1434 1855 1496 1887 vir·

179 1917 232 1947 tus
252 1916 286 1947 in
305 1914 410 1946 medio
432 1916 481 1945 est
500 1914 586 1945 inter
604 1913 667 1944 duo
687 1913 775 1954 vitia,
794 1923 931 1954 quorum
949 1912 1085 1943 alterum
1101 1910 1180 1943 καθ’
1199 1911 1400 1952 ὑπερβολήν,
1419 1909 1495 1942 alte-

179 1980 250 2000 rum
271 1967 340 2000 κατ’
363 1966 512 2006 ἔλλειψιν
532 1968 742 2008 vituperatur.
771 1965 831 1998 His
851 1965 1001 1998 extremis
1020 1965 1168 2007 partibus
1187 1963 1361 2006 respondet
1379 1964 1414 1996 in
1433 1962 1494 1995 vir-

180 2024 250 2054 tute
276 2022 406 2061 λέξεως,
438 2021 525 2062 quod
550 2023 630 2062 μήτε
655 2021 793 2062 ταπεινή
819 2030 887 2052 esse
917 2018 1033 2051 debeat
1058 2029 1162 2060 neque
1189 2018 1273 2059 ὑπὲρ
1296 2018 1334 2050 τὸ
1358 2016 1496 2059 ἀξίωμα,

181 2076 245 2117 sed,
263 2077 301 2107 ut
319 2075 420 2106 altero
435 2075 507 2106 loco
522 2074 718 2116 (1414a26)
734 2073 821 2114 dicit,
835 2074 939 2114 δῆλον
958 2072 1010 2104 ὅτι,
1027 2072 1064 2104 τὸ
1083 2071 1186 2114 μέσον
1205 2071 1367 2114 ἁρμόττει.
1395 2070 1498 2109 Quae-

181 2128 315 2161 rendum
331 2138 407 2160 sane
422 2130 480 2169 est,
495 2139 552 2160 cur
566 2127 647 2159 illud
663 2127 804 2159 medium
819 2126 1030 2168 appellaverit
1044 2125 1286 2167 ‘perspicuum’,
1300 2134 1496 2167 quamquam

182 2182 292 2214 eadem
319 2182 422 2214 oratio
449 2184 481 2212 et
507 2182 678 2223 perspicua
703 2182 811 2222 potest
837 2191 905 2212 esse
930 2181 963 2211 et
987 2181 1095 2211 tamen
1120 2181 1254 2221 propter
1278 2178 1495 2211 humilitatem

274 2298 299 2331 1>
318 2296 356 2322 Ut
374 2295 566 2330 Antiphontis.
586 2303 658 2329 quae
677 2297 821 2326 vocantur,
840 2293 1015 2329 teti-alogiae.
