1566 2592
475 132 515 159 De
533 131 623 158 initiis
641 131 777 157 virtutum
797 130 917 157 dicendi.
1310 127 1351 159 41

48 217 153 247 ratum
173 218 205 247 et
223 215 382 247 luxuriam
400 213 593 245 Asianorum
614 212 834 252 defendebant,
853 212 941 243 omni
961 211 1097 252 denique
1116 212 1219 242 aetate
1238 209 1356 241 utrius-

52 280 113 310 que
132 268 265 300 rationis
285 267 420 299 studiosi
439 266 524 298 bella
542 266 626 297 inter
645 276 678 296 se
698 265 881 297 miscebant.
890 264 914 307 l)

133 321 266 353 Amissa
283 319 468 352 Aristotelis
492 319 615 350 unitate
639 318 756 360 ἀρετῆς
774 329 875 360 usque
894 318 934 349 ad
958 320 1111 359 quattuor
1130 317 1264 348 virtutes
1283 327 1357 358 pro-

49 375 145 407 cessit
163 373 416 416 Theophrastus,
443 372 544 404 Stoici
570 372 609 403 ad
636 371 790 413 quinque,
818 371 872 403 sed
900 371 1008 412 plures
1037 371 1131 402 etiam
1160 370 1294 402 virtutes
1323 370 1357 401 in
1375 380 1388 414 μ

50 428 223 460 vetustiore
241 429 308 458 arte
335 427 495 458 rhetorica
521 427 705 457 numeratas
732 435 800 457 esse
827 426 917 456 nullo
947 424 1102 465 probatur
1129 423 1323 455 testimonio.
1331 422 1359 465 2)
1376 422 1392 465 ἦ)

50 481 174 513 Posteri
193 479 323 512 autem
314 479 346 521 1i,
362 480 416 521 qui
432 481 586 520 quattuor
601 479 736 510 virtutes
751 477 1011 520 docent(Oicero,
1022 476 1249 517 Quintilianus,
1259 476 1358 507 etiam

49 534 172 566 Auctor
185 533 225 565 ad
239 532 460 575 Herennium),
481 534 586 573 spreta
602 531 782 563 Stoicorum
799 531 955 563 brevitate
969 530 1184 572 Theophrasti
1199 530 1357 561 rationem

49 587 151 619 secuti
170 589 252 618 sunt.

138 639 303 671 Habemus
327 650 437 671 omnes
462 639 592 681 gradus,
621 638 738 679 quibus
762 638 897 669 virtutes
926 638 1036 669 auctae
1063 639 1150 668 sunt:
1177 636 1356 678 simplicem

50 693 169 735 ἀρετήν
187 696 332 725 tenemus
349 694 381 724 in
396 692 579 732 Aristotele,
599 692 636 723 de
656 692 777 732 duplici
792 692 831 723 ab
852 702 889 722 eo
910 691 1061 723 certiores
1080 690 1185 731 fimus,
1204 691 1361 731 quattuor

50 747 159 779 docuit
177 746 427 787 Theophrastus,
446 746 591 786 quintam
611 746 801 777 addiderunt
819 743 928 776 Stoici.
959 744 1021 776 Sed
1039 754 1143 785 neque
1163 745 1237 775 ante
1255 742 1358 774 Theo-

49 799 217 841 phrastum
240 798 431 830 Aristoteles
454 809 558 840 neque
581 801 657 839 post
676 797 933 839 Theophrastum
955 796 1088 839 Stoiei⁵)
1111 799 1238 838 praeter
1260 796 1358 828 virtu-

49 855 118 884 tum
139 852 346 894 partitionem
365 851 464 882 ullam
480 852 519 882 ad
540 851 627 890 λέξιν
645 851 902 892 praecipiendam
918 851 1123 882 admiserunt.
1149 852 1363 891 Χαρακτῆρες

51 917 121 938 cum
152 905 326 936 virtutibus
354 915 420 936 non
448 904 734 946 coniungebantur.
768 903 836 935 Iam
865 905 926 936 hoc
954 903 1025 936 loco
1057 904 1271 945 quaerendum
1301 905 1359 944 est,

50 961 158 990 utrum
178 957 434 999 Theophrastum
458 968 530 989 cum
550 957 726 989 Aristotele
749 960 781 989 et
803 957 921 989 Stoicis
946 958 979 988 in
1003 957 1113 989 eodem
1138 956 1248 988 ordine
1275 959 1362 988 stare

51 1012 144 1043 malis
164 1011 299 1052 credere,
317 1022 358 1042 an
377 1011 406 1043 ei
426 1014 458 1043 et
476 1011 593 1052 ἀρετάς
612 1013 644 1042 et
663 1016 867 1052 χαρακτῆρας
887 1010 1002 1049 λέξεως
1022 1011 1170 1043 tribuere.

140 1065 364 1097 Aristotelicae
383 1067 415 1096 et
433 1064 692 1105 Theophrasteae
712 1064 828 1096 aetatis
847 1064 1005 1105 rhetores,
1030 1064 1085 1105 qui
1105 1065 1138 1095 in
1158 1064 1235 1096 artis
1254 1063 1362 1095 rheto-

51 1119 134 1150 ricae
153 1118 289 1150 historia
307 1118 457 1159 eminent,
477 1118 515 1149 de
534 1118 725 1149 elocutionis
746 1117 920 1149 virtutibus
936 1119 992 1149 aut
1005 1117 1088 1148 nihil
1108 1117 1285 1149 docuerunt
1304 1118 1361 1148 aut

51 1172 129 1214 quid
148 1171 322 1212 docuerint,
341 1171 435 1203 nobis
455 1172 601 1214 ignotum
621 1173 678 1203 est.
706 1170 863 1203 Isocrates
881 1171 1014 1213 φέχνην,
1037 1182 1118 1212 quae
1138 1171 1197 1202 sub
1217 1171 1285 1202 eius
1304 1181 1360 1202 no-

51 1226 136 1257 mine
163 1225 339 1266 ferebatur,
367 1235 432 1257 non
460 1224 658 1266 conscripsit.
693 1224 754 1256 Sed
778 1226 852 1256 utut
875 1227 923 1256 est
943 1224 980 1256 de
1000 1224 1062 1256 fide
1085 1224 1160 1255 libri
1179 1243 1223 1246 -—
1242 1224 1281 1256 de
1300 1224 1359 1255 hac

51 1279 135 1311 enim
154 1289 188 1310 re
206 1289 271 1310 non
291 1278 471 1320 quaerimus
493 1297 530 1300 —
553 1289 603 1319 ea,
622 1289 703 1319 quae
722 1278 760 1310 de
784 1278 963 1320 praeceptis
988 1278 1027 1309 ad
1052 1277 1263 1310 elocutionem
1291 1288 1361 1318 per-

51 1331 227 1363 tinentibus
247 1331 319 1363 inde
338 1331 516 1372 traduntur,
537 1331 575 1363 ad
594 1332 730 1363 virtutes
750 1331 874 1363 dicendi
893 1331 976 1362 nihil
994 1332 1061 1363 fere
1080 1330 1228 1372 valent.4)
1259 1331 1359 1362 Maxi-

51 1396 122 1416 mus
150 1385 282 1417 Planud.
311 1385 466 1416 nonnulla
492 1384 653 1416 Isocratea
681 1384 812 1426 collegit
838 1385 913 1424 περὶ
933 1384 1048 1423 λέξεως
1067 1383 1208 1427 (Fragm.
1223 1384 1293 1426 H,6
1313 1384 1360 1415 ed.

52 1437 333 1481 Benseler-Blass).
362 1437 503 1475 Quorum
528 1449 602 1479 pars
626 1438 765 1479 pertinet
783 1438 823 1469 ad
842 1437 1029 1470 Aristotelis
1053 1440 1149 1479 caput
1172 1437 1247 1478 περὶ
1272 1436 1361 1479 ἑλλη-

52 1496 173 1532 νισμοῦ
192 1490 243 1534 (ut
262 1491 458 1533 συνδέσμων
477 1490 575 1534 cura),
603 1491 665 1522 alia
684 1491 724 1522 ad
748 1492 912 1523 σύνθεσιν
936 1490 989 1534 (de
1008 1491 1108 1532 hiatu,
1128 1491 1166 1522 de
1185 1490 1362 1534 rhythmo),

53 1544 116 1575 alia
135 1544 174 1576 ad
194 1543 334 1585 ἐκλογὴν
352 1545 525 1584 ὀνομάτων
544 1544 654 1587 (etiam
674 1545 757 1576 καλὰ
775 1544 920 1586 ὀνόματα
940 1545 1206 1576 commendantur
1220 1546 1252 1576 et
1266 1556 1361 1584 μετα-

53 1598 141 1639 φορὰ
159 1598 203 1638 μὴ
223 1596 370 1640 σκληρά).
401 1597 563 1635 Quaedam
582 1598 683 1639 igitur
701 1598 798 1629 etiam
818 1597 857 1628 ad
881 1599 1030 1629 ornatum
1054 1599 1230 1639 pertinent,
1253 1600 1361 1629 tamen

55 1651 209 1682 virtutum
229 1650 412 1692 partitionis
425 1652 551 1683 nullum
569 1650 731 1682 invenitur
744 1651 927 1693 vestigium.
955 1650 1058 1683 Immo
1074 1651 1234 1682 Planudes
1253 1651 1363 1683 omnia

54 1703 86 1734 in
105 1705 332 1745 καθαρότητος
347 1704 438 1745 quasi
457 1715 582 1736 summo
597 1704 702 1746 capite
721 1706 871 1736 collocat:
886 1702 942 1736 Ἐκ
956 1709 1012 1745 τῆς
1022 1704 1230 1747 Ἰσοκράτους
1246 1704 1365 1746 τέχνης

55 1757 280 1797 διδασκόμεθα
294 1763 386 1789 ποῖαι
401 1763 468 1789 τῶν
483 1757 602 1796 λέξεων
617 1757 769 1799 λέγονται
783 1759 941 1799 καθαραί·
961 1762 1123 1790 τοσοῦτον
1137 1759 1201 1799 γὰρ
1215 1759 1362 1800 πεφρόν-

143 1859 169 1892 1)
187 1858 242 1884 Res
270 1857 393 1884 dilucide
421 1858 577 1892 explicatur
604 1858 720 1891 Quintil.
736 1858 787 1884 XII
803 1861 898 1892 10‚40‚
918 1858 954 1885 cf.
972 1858 1046 1885 inter
1065 1858 1169 1885 multos
1193 1859 1247 1885 hac
1270 1859 1304 1885 de
1331 1867 1361 1885 re

54 1896 179 1924 Norden:
199 1898 263 1924 Ant.
279 1898 422 1932 Kunstpr.‚
437 1898 485 1931 qui
504 1898 664 1932 ubicunque
679 1906 739 1925 eam
756 1898 835 1924 litem
849 1899 963 1932 tractat,
983 1898 1202 1925 Radermacher:
1222 1899 1274 1925 Rh.
1289 1899 1360 1925 Mus.

55 1939 97 1969 54,
109 1939 224 1971 ³51sqq.
243 1937 450 1964 Hendricltson:
470 1938 502 1965 A.
520 1938 545 1964 J.
565 1938 614 1964 Ph.
633 1938 687 1965 vol.
702 1938 791 1964 XXVI
806 1940 923 1972 249sqq.

144 1978 170 2011 2)
190 1976 345 2004 Stoicorum
364 1977 464 2011 ἀρετὰς
482 1978 578 2010 λέξεως
596 1978 727 2012 Mayerus
746 1987 831 2012 prope
851 1978 984 2012 neglexit.
1013 1978 1245 2005 Commemoravit
1264 1987 1311 2005 eas
1331 1979 1363 2005 in

56 2015 237 2043 adnotatione
255 2026 282 2051 p.
298 2020 340 2049 21,
360 2018 408 2044 sed
427 2017 499 2044 nihil
518 2017 631 2051 habuit,
655 2018 724 2052 quid
744 2018 778 2044 de
797 2018 832 2044 iis
852 2018 971 2051 diceret,
990 2018 1057 2045 nisi:
1076 2018 1262 2052 '„Complures
1282 2019 1365 2045 ideas

56 2056 151 2082 deesse
163 2055 269 2083 vides“.
297 2057 383 2083 Immo
396 2065 461 2084 vero
476 2066 493 2084 a
508 2057 664 2084 Stoicorum
678 2066 794 2084 numero
809 2058 915 2085 discere
931 2058 1034 2092 potuit,
1049 2058 1118 2092 quid
1133 2060 1207 2085 esset
1221 2058 1256 2085 de
1271 2058 1361 2085 Theo-

54 2095 164 2129 phrasti
182 2097 211 2122 et
230 2096 388 2123 Aristotelis
406 2097 556 2123 virtutibus
575 2098 768 2124 iudicandum.

144 2137 171 2169 3)
190 2135 251 2162 Etsi
269 2136 343 2162 enim
363 2136 472 2163 Stoicus
491 2137 606 2171 quidam
625 2138 725 2164 incerti
744 2138 878 2172 temporis
896 2137 1002 2172 'genera
1026 2138 1139 2164 (licendi
1158 2138 1266 2170 docuit.
1286 2139 1361 2171 quod

55 2175 294 2202 Radermacherus
313 2176 457 2203 contendit
475 2192 509 2196 —
527 2185 563 2203 ne
582 2177 613 2203 id
631 2177 744 2211 quidem
763 2178 834 2204 mihi
853 2177 1001 2212 pro‘batum
1027 2179 1069 2204 est
1089 2193 1121 2198 —
1141 2180 1236 2204 tamen
1256 2178 1363 2204 Laertii

55 2216 198 2241 auctorem
217 2214 289 2247 λέξιν
308 2215 337 2241 in
356 2215 480 2249 quinque
498 2218 630 2244 virtutum
649 2217 832 2244 fundamento
852 2218 978 2252 posuisse
998 2219 1123 2252 apparet.

145 2256 171 2286 4)
190 2254 279 2281 Docte
298 2255 332 2281 de
351 2255 511 2283 Aristotelis
534 2265 597 2283 cum
624 2257 756 2284 Isocratis
780 2259 839 2284 arte
867 2257 1007 2283 affinitate
1036 2257 1169 2283 disseruit
1188 2257 1366 2284 Wendland:
1393 2270 1411 2296 4

55 2294 144 2321 Anax.
164 2303 187 2321 v.
207 2295 236 2321 L.
255 2304 282 2329 p.
298 2298 406 2329 35sqq.,
426 2295 462 2322 ad
480 2295 554 2329 λέξιν
572 2297 696 2330 pertinet
713 2306 740 2331 p.
756 2300 799 2324 44
