1566 2592
1531 0 1566 108 Ἰ,

366 226 449 267 πρὸς
467 226 546 263 τοὺς
567 224 751 263 ἀκούοντας
769 225 824 257 καὶ
844 225 928 267 πρὸς
948 225 985 257 τὸ
999 229 1134 266 πρᾶγμα
1148 249 1155 257 .
1171 249 1178 256 .
1193 250 1199 257 .
1215 225 1406 267 ἀρκούντως
1419 225 1522 267 ἡρμο-

369 278 518 321 σμένην).
1551 225 1566 325 i

1556 331 1566 355 q

206 143 250 175 74
788 141 880 177 Caput
898 142 945 169 VI.

309 333 347 365 X.
362 332 409 364 ‘H
423 333 609 374 πιθανότης
627 332 682 364 καὶ
701 332 738 364 τὸ
757 333 929 364 πειστικόν
949 331 988 374 (o.
1007 332 1048 364 10
1067 331 1160 374 init).

290 385 346 418 XI.
361 385 405 418 ‘H
421 387 515 428 χάρις
535 386 575 428 (o.
593 385 748 427 10—12).

372 440 501 481 Ταύτην
519 439 633 482 μέντοι
653 441 831 481 κρατίστην
845 451 881 471 τε
900 439 1021 480 ἀρετὴν
1039 438 1094 471 καὶ
1112 438 1444 481 χαρακτηρικωτάτην
1463 443 1521 481 τῆς
1563 430 1566 435 “

365 495 497 526 Λυσίου
517 492 632 532 λέξεως
650 492 754 534 ἔγωγε
773 494 908 533 τίθεμαι
928 492 976 535 (εἴ
991 504 1024 524 τε
1052 493 1184 534 φύσεως
1208 492 1312 534 αὐτὴν
1331 493 1385 524 δεῖ
1405 494 1520 525 καλεῖν
1563 505 1566 512 ·

365 548 521 590 εὐτυχίαν
531 550 564 579 εἴ
575 559 609 579 τε
623 548 732 579 πόνου
746 546 801 579 καὶ
817 546 932 588 τέχνης
947 545 1106 588 ἐργασίαν
1116 549 1150 578 εἴ
1155 558 1190 578 τε
1204 547 1323 588 μικτὴν
1337 545 1370 585 ἐξ
1388 545 1517 588 ἀμφοῖν

364 601 434 640 ἕξιν
449 601 468 643 ἢ
483 600 643 643 δύναμιν)
658 597 679 643 ᾗ
698 600 823 638 πάντας
842 599 993 642 ὑπερέχει
1008 601 1086 637 τοὺς
1105 601 1243 638 λοιποὺς
1261 599 1403 642 ῥήτορας
1423 599 1464 642 (ο.
1476 599 1516 632 11
1564 635 1566 639 ,

364 666 394 696 p.
410 654 520 696 476R,
539 654 577 686 cf.
595 665 619 686 c.
638 654 678 686 10
697 666 727 696 p.
743 653 854 695 472R,
874 665 898 685 c.
916 654 957 685 12
976 665 1007 695 p.
1021 653 1123 685 481R
1137 652 1220 696 eto).

272 708 342 741 XII.
362 708 417 741 καὶ
438 709 454 741 ὁ
475 709 582 740 πάντα
602 713 731 749 μετρῶν
749 709 875 749 καιρός,
895 707 933 739 de
953 717 1017 749 quo
1037 709 1131 739 antea
1150 707 1184 739 in
1203 707 1306 748 capite
1324 706 1519 749 πρέποντος,

364 773 428 804 quo
448 762 562 803 καιρός
581 761 729 803 pertinet,
749 760 926 803 Dionysius
946 760 1132 802 disputavit.

294 834 495 875 Quamquam
521 843 674 865 numerus
693 832 850 864 virtutum
874 842 1071 874 magnopere
1090 834 1203 864 anetus
1222 833 1284 872 est,
1306 833 1415 866 tamen
1433 842 1520 864 oom-

202 887 394 929 parantibus
409 886 504 918 nobis
519 886 664 929 singulas
675 886 812 918 virtutes
827 896 899 917 cum
909 885 1132 927 Theophrasto
1144 885 1326 926 Stoicisque
1337 884 1518 917 similitudo

202 943 315 983 aperta
335 940 484 972 occurrit.
519 939 684 972 Facillime
707 941 773 971 tres
797 939 1006 972 inveniuntur
1028 940 1178 971 virtutes:
1197 939 1388 981 καθαρότης
1409 937 1518 982 (ἑλλη-

201 993 345 1037 νισμός),
364 995 540 1035 σαφήνεια,
561 993 744 1026 Stoicorum
765 994 935 1035 συντομία.
963 992 1071 1024 Etiam
1091 993 1128 1024 τὸ
1148 992 1275 1035 πρέπον
1298 994 1517 1035 enumeratur-3

201 1049 257 1080 sed
276 1059 341 1080 non
361 1048 487 1090 integra
506 1047 585 1079 haee
603 1047 706 1079 virtus
725 1048 915 1079 conservata
933 1049 991 1088 est,
1010 1057 1083 1078 cum
1101 1047 1287 1088 πιθανότης
1311 1045 1366 1078 καὶ
1389 1046 1428 1078 τὸ
1446 1056 1518 1079 πει-

201 1103 317 1134 στικόν
336 1103 368 1133 et
393 1101 411 1134 ὁ
435 1101 543 1133 πάντα
565 1106 696 1143 μετρῶν
718 1101 832 1141 καιρός
860 1102 892 1132 et
919 1099 1113 1142 ἠθοποιΐαῑ)
1141 1101 1345 1142 appellentur
1371 1099 1518 1140 virtutos,

201 1167 284 1198 quae
302 1155 387 1197 apud
407 1166 475 1196 008,
498 1154 554 1196 qui
573 1156 727 1196 quattuor
745 1156 801 1186 aut
821 1154 964 1195 quinque
984 1154 1119 1186 virtutes
1139 1153 1306 1194 exhibent,
1325 1163 1435 1185 omnes
1455 1153 1516 1186 sub

200 1209 383 1251 πρέποντος
398 1208 504 1250 eapite
519 1209 708 1240 tractantur.
731 1207 844 1240 Plures
858 1208 955 1239 etiam
971 1208 1004 1239 in
1018 1209 1126 1249 partes
1141 1209 1272 1239 ornatus
1286 1206 1390 1238 virtus
1403 1205 1517 1250 (κατα-

200 1262 316 1306 σκευή)
340 1265 389 1294 est
413 1262 557 1294 dissecta.
587 1260 649 1294 Sed
668 1272 779 1293 omnes
800 1261 947 1302 virtutes,
966 1272 1048 1302 quae
1069 1260 1109 1292 ad
1131 1260 1346 1302 Theophrasti
1365 1262 1516 1292 ornatum

199 1317 372 1359 pertinent,
382 1317 415 1348 in
430 1316 541 1348 tabula
554 1318 665 1347 nostra
680 1315 909 1356 desiderantur,
919 1314 1071 1356 quoniam
1082 1314 1222 1356 Lysiano
1237 1314 1346 1356 generi
1361 1312 1516 1358 desunt’)

201 1370 502 1403 commemorantur
527 1370 701 1401 nonnullae
727 1379 752 1401 o.
770 1369 811 1400 13
831 1367 875 1411 (p.
889 1367 1018 1411 482R):
1045 1368 1155 1409 ὑψηλὴ
1180 1367 1217 1399 δὲ
1236 1366 1291 1400 καὶ
1313 1370 1515 1409 μεγαλοπρε-

198 1425 262 1466 πὴς
281 1424 343 1456 οὐκ
362 1422 453 1456 ἔστιν
472 1424 491 1465 ἡ
513 1425 643 1455 Λυσίου
663 1422 749 1461 λέξις
763 1447 771 1454 .
786 1448 792 1454 .
809 1447 814 1454 .
840 1420 919 1454 οὐδὲ
938 1422 976 1454 τὸ
995 1421 1117 1462 πικρὸν
1135 1421 1155 1463 ἢ
1175 1422 1212 1453 τὸ
1232 1421 1347 1454 δεινὸν
1359 1420 1380 1463 ἢ
1394 1421 1432 1454 τὸ
1452 1433 1516 1463 φο-

199 1479 302 1520 βερὸν
320 1477 543 1520 ἐπιφαίνουσα
563 1475 642 1509 οὐδὲ
657 1476 746 1517 ἁφὰς
764 1475 830 1518 ἔχει
845 1475 900 1508 καὶ
919 1476 1040 1513 τόνους
1060 1476 1218 1517 ἰσχυροὺς
1232 1473 1312 1507 οὐδὲ
1330 1478 1445 1517 θυμοῦ
1458 1473 1515 1508 καὶ

198 1532 386 1573 πνεύματός
405 1530 473 1563 ἐστι
492 1531 593 1572 μεστὴ
613 1528 684 1562 οὐδ’
705 1530 814 1571 ὥσπερ
831 1529 867 1561 ἐν
881 1534 951 1567 τοῖς
969 1529 1090 1570 ἤθεσίν
1104 1528 1173 1561 ἐστι
1192 1530 1337 1570 πιθανή,
1355 1528 1462 1567 οὕτως
1477 1527 1516 1561 ἐν

197 1590 268 1623 τοῖς
286 1585 432 1617 πάθεσιν
453 1585 572 1626 ἰσχυρὰ
592 1583 664 1616 οὐδ’
684 1584 728 1622 ὡς
747 1584 869 1625 ἡδῦναι
889 1608 895 1614 .
911 1607 939 1614 ..
958 1607 964 1614 .
985 1582 1139 1624 δύναται,
1164 1582 1250 1614 οὕτω
1269 1582 1456 1623 βιάσασθαί
1478 1593 1515 1615 τε

197 1638 253 1671 καὶ
272 1638 553 1681 προσαναγκάσαι.

288 1691 326 1724 In
347 1691 487 1732 duobus,
507 1703 588 1733 quae
608 1693 801 1733 sequuntur,
820 1690 948 1722 iudiciis
967 1690 1006 1722 de
1025 1689 1164 1722 Isocrate
1183 1692 1216 1721 et
1235 1689 1273 1721 de
1292 1688 1382 1722 Isaeo
1402 1689 1512 1722 eadem

197 1746 355 1778 virtutum
374 1746 456 1777 ratio
476 1748 509 1778 et
533 1756 610 1777 usus
637 1745 832 1777 observatur.
860 1743 947 1775 Novi
973 1743 1095 1785 aliquid
1121 1743 1271 1784 alterum,
1297 1743 1384 1784 quod
1406 1745 1456 1775 est
1473 1743 1513 1776 de

197 1799 346 1841 Isocrate,
361 1799 510 1841 Lysianis
530 1798 704 1830 virtutibus
723 1798 822 1839 addit,
842 1798 918 1839 quia
931 1797 1089 1829 Isocrates
1105 1808 1141 1829 ea
1159 1799 1301 1839 praestat
1320 1796 1512 1829 elocutionis

198 1855 394 1894 ornamenta,
410 1863 490 1894 quae
501 1852 615 1894 Lysiae
631 1852 754 1884 desunt.
783 1850 898 1893 Itaque
913 1853 1085 1893 postquam
1099 1850 1251 1883 Isocratis
1266 1850 1354 1889 λέξιν
1368 1849 1474 1892 eapite
1489 1850 1511 1883 2

196 1906 349 1948 laudavit,
368 1917 440 1938 oum
460 1908 558 1938 esset:
585 1907 611 1938 1.
631 1905 779 1948 καθαρά,
799 1905 828 1936 2.
848 1906 971 1946 σαφής,
995 1904 1024 1937 3.
1044 1904 1199 1946 ἐναργής,
1220 1904 1250 1935 4.
1270 1903 1388 1946 ἠθική,
1405 1904 1436 1935 5.
1455 1904 1511 1936 καὶ

195 1961 342 2002 πιθανή,
368 1960 397 1991 6.
417 1959 471 1991 καὶ
490 1959 720 2001 <πρε’πουσα>,
750 1959 778 1990 7.
798 1958 853 1990 sed
873 1958 914 1990 οὐ
934 1958 1136 2000 στρογγύλη,
1164 1958 1193 1989 8.
1213 1957 1253 1989 οὐ
1273 1957 1452 1999 σύντομος,
1470 1957 1510 1990 de

196 2013 430 2055 compositione
449 2013 636 2055 artificiosa,
665 2014 701 2044 ut
725 2023 783 2054 par
805 2014 854 2044 est
877 2012 910 2043 in
933 2010 1090 2052 Isocrate,
1116 2010 1264 2052 pluribus
1287 2010 1394 2042 verbis
1422 2010 1509 2043 dicit.
1564 2031 1566 2046 2

196 2067 353 2099 Ornatum
377 2069 484 2099 autem
505 2066 609 2108 capite
628 2067 648 2098 3
673 2068 820 2098 accurate
844 2065 977 2107 exponit
1000 2075 1076 2096 usus
1100 2063 1317 2106 Theophrasti
1335 2064 1510 2106 partitione

287 2166 312 2199 l)
333 2164 372 2190 De
392 2164 589 2191 coniunctione
609 2162 763 2197 ἠθοποιΐας
782 2171 845 2189 eum
864 2162 965 2189 decoro
989 2151 1049 2196 egit
1067 2161 1285 2188 Radermacher:
1310 2161 1362 2187 Rh.
1378 2160 1448 2188 Mus.
1464 2163 1508 2193 54.
1563 2155 1566 2200 J

196 2207 256 2238 377,
277 2213 339 2231 cum
364 2204 502 2231 suavitate
527 2203 746 2238 Geigenmiiller:
772 2203 790 2229 1.
805 2202 822 2229 1.
838 2212 864 2237 p.
881 2205 922 2229 42.
952 2201 1117 2229 Aristoteles
1142 2209 1203 2228 eam
1232 2201 1367 2234 πρέποντι
1395 2201 1508 2235 subicit,
1564 2235 1566 2241 ¹

195 2245 271 2279 quod
290 2244 363 2271 ratio
382 2245 517 2271 virtutum
537 2244 599 2278 ipsa
617 2243 728 2270 videtur
746 2243 899 2277 postulare.

286 2287 313 2319 2)
333 2285 396 2311 Nisi
415 2285 488 2311 forte
507 2284 590 2319 χάριν
609 2284 761 2318 Lysianam
779 2292 842 2310 eum
862 2284 963 2310 ornatu
982 2284 1011 2310 et
1029 2291 1093 2309 cum
1112 2282 1251 2308 suavitate
1275 2289 1438 2316 comparare
1455 2281 1507 2308 vis.
1562 2290 1566 2311 i

194 2325 250 2352 Sed
269 2325 421 2359 Dionysius
440 2333 542 2351 novum
561 2324 591 2350 id
610 2332 670 2351 esse
690 2323 833 2351 criterium
852 2323 1001 2350 confitetur
1020 2324 1053 2357 (c.
1071 2325 1102 2349 11
1122 2331 1149 2356 p.
1166 2325 1217 2349 478
1225 2322 1266 2356 R).
