1566 2592
499 105 539 131 De
558 104 726 132 narrationis
746 105 905 134 virtutibus.
1314 103 1357 134 53

613 239 791 272 Virtutes

50 310 214 344 narrandi:
700 333 701 351 ¹
716 311 854 343 dicendi:

700 354 702 369 ⁵
769 363 964 405 ἑλληνισμός

159 453 164 459 ¹
368 419 532 458 σαφήνεια
769 418 932 459 σαφήνεια

104 452 136 496 a)
156 464 189 484 ¹¹¹
207 452 303 484 rebus
368 471 529 511 συντομία
699 380 702 521 i
770 469 945 513 (συντομία
972 469 1088 513 Stoici)
1143 452 1356 509 -λεέωξᾈ

102 523 136 566 b)
156 524 189 555 in
208 523 313 555 verbis
367 525 550 565 πιθανότης
769 523 896 566 πρέπον
1157 522 1204 565 (in
1222 523 1341 565 verbis)

385 576 646 619 μεγαλοπρέπεια
768 576 1029 619 μεγαλοπρέπεια

370 580 384 650 (
456 620 514 653 (καὶ
532 619 563 646 τὸ
582 580 662 654 ἡδύ))
700 635 702 655 1
835 621 895 654 (καὶ
912 620 943 647 τὸ
963 619 1028 654 ἡδύ)

138 691 308 733 Videmus,
332 691 487 733 quantula
510 692 552 723 sit
571 691 763 733 differentia,
787 703 889 734 neque
913 693 1030 724 mirum
1054 694 1102 724 est
1125 692 1269 724 extitisse
1292 703 1356 733 eos,

48 746 104 787 qui
129 745 213 778 hano
239 756 366 787 quoque
391 746 504 777 tollere
530 746 719 778 studuerint.
761 745 960 787 Quamquam
987 747 1082 787 plane
1107 746 1252 786 ineptum
1279 747 1356 786 erat,

47 799 225 831 narrationi
243 799 340 830 etiam
359 799 511 830 virtutem
533 798 730 840 ἑλληνισμοῦ
749 799 903 840 tribuere,
928 810 1008 840 quae
1032 809 1163 840 prorsus
1184 801 1233 830 est
1252 800 1354 830 elocu-

50 852 147 883 tionis
180 854 212 883 et
244 852 278 883 in
311 852 398 883 omni
431 854 520 893 parte
550 853 704 883 orationis
739 852 950 893 aequabiliter
982 852 1211 890 conservanda,
1248 854 1355 883 tamen

49 905 205 946 aequandi
239 905 345 937 studio
378 907 558 938 commotus
588 905 650 937 hoc
681 906 759 937 feeit
786 905 994 947 Aphthonius
1023 905 1083 937 Rh.
1099 904 1266 946 Gr.11‚22
1287 904 1355 946 Sp.:

50 957 171 999 Ἀρεταὶ
190 959 227 990 δὲ
255 959 452 1000 διηγήματος
472 958 637 1000 τέσσαρες·
668 960 845 1000 σαφήνεια,
865 960 1040 1000 συντομία,
1060 960 1244 999 πιθανότης
1263 959 1317 990 καὶ
1337 958 1354 990 ὁ

48 1017 116 1043 τῶν
134 1011 305 1052 ὀνομάτων
324 1011 526 1053 ἑλληνισμός.

137 1064 270 1096 Omnem
304 1065 438 1106 denique
471 1065 639 1096 historiam
669 1066 825 1097 virtutum
854 1065 1005 1097 narrandi
1032 1065 1187 1097 Nicolaus
1216 1065 1355 1096 breviter

48 1117 172 1160 colligit
191 1117 251 1149 Rh.
267 1117 318 1150 Gr.
333 1117 390 1159 III,
403 1118 467 1150 457
489 1117 555 1159 Sp.:
582 1117 704 1159 Ἀρεταὶ
726 1119 908 1160 διηγήσεως
933 1119 1014 1150 κατὰ
1040 1117 1100 1159 μέν
1126 1130 1219 1155 τινας
1244 1118 1353 1150 πέντε·

48 1172 218 1212 συντομία,
234 1173 408 1212 σαφήνεια,
423 1173 617 1213 πιθανότης,
632 1172 747 1213 ἡδονή,
761 1171 1023 1214 μεγαλοπρέπεια
1037 1171 1089 1214 (ut
1097 1173 1207 1203 nostra
1217 1171 1353 1214 tabula),

46 1223 130 1256 καθ’
148 1223 279 1264 ἑτέρους
298 1223 334 1256 δὲ
353 1226 436 1266 μόνη
456 1227 648 1266 πιθανότης.
685 1227 743 1263 τὰς
762 1226 823 1267 γὰρ
843 1227 944 1263 ἄλλας
963 1225 1122 1266 τέσσαρας
1141 1226 1253 1262 κοινὰς
1271 1236 1353 1256 παν-

45 1277 101 1315 τὸς
119 1279 222 1318 λόγου
241 1277 400 1319 ἐνόμισαν
419 1277 645 1321 (Theodorus).
684 1278 728 1316 ὡς
747 1277 783 1310 δὲ
797 1284 867 1316 τοῖς
884 1277 1128 1319 ἀκριβεστέροις
1148 1279 1248 1318 δοκεῖ,
1266 1282 1353 1318 τρεῖς

46 1331 110 1363 εἰσι
129 1331 245 1372 μόναι·
265 1332 437 1372 σαφήνεια,
457 1333 618 1372 συντομία
637 1331 691 1363 καὶ
710 1334 895 1373 πιθανότης
915 1330 1106 1374 (Isocratei).

134 1383 241 1424 Atque
260 1384 339 1416 haec
363 1384 490 1424 quidem
515 1384 553 1415 de
577 1385 752 1416 virtutibus
774 1385 977 1416 narrationis.
1006 1384 1179 1425 Perspecta
1198 1386 1230 1415 et
1249 1384 1353 1415 affini-

1 1441 5 1445 “
45 1438 112 1468 tate
131 1439 163 1468 et
182 1436 362 1468 differentia
380 1448 484 1478 neque
503 1437 635 1468 dubium
656 1439 717 1477 est,
739 1438 816 1478 quin
836 1438 875 1469 ad
895 1437 1124 1480 intellegendas
1144 1436 1260 1475 λέξεως
1278 1437 1352 1479 ἀρε-

45 1489 103 1527 τάς
122 1489 217 1522 utiles
237 1490 302 1521 sint
310 1489 347 1532 ¹),
371 1501 474 1531 neque
493 1491 584 1532 latet,
607 1493 764 1532 quatenus
783 1491 851 1523 iure
871 1491 1091 1522 adhibeantur.
1120 1490 1264 1522 Primum
1285 1491 1352 1532 qui-

47 1542 118 1574 dem
141 1543 179 1574 de
203 1545 317 1575 natura
340 1543 496 1575 virtutum
522 1543 672 1575 certiores
696 1544 773 1575 facti
797 1555 851 1576 eos
875 1555 940 1576 non
964 1544 1158 1585 audibimus,
1185 1544 1240 1585 qui
1264 1544 1351 1575 ideas

45 1606 104 1637 pro
120 1596 290 1628 virtutibus
305 1596 502 1628 substituant
515 1596 670 1640 (Schmid,
684 1597 810 1638 Nassal,
825 1598 863 1629 ef.
878 1609 908 1639 p.
925 1598 953 1638 7,
968 1609 997 1638 p.
1012 1596 1078 1640 27).
1102 1597 1225 1628 Deinde
1240 1608 1350 1628 eorum

45 1649 246 1691 improbatur
266 1650 431 1691 sententia,
452 1651 507 1691 qui
526 1651 633 1692 plures
654 1650 769 1688 λέξεως
783 1651 918 1682 virtutes
937 1653 1106 1683 numerent
1128 1649 1274 1693 (Schmid
1288 1652 1308 1682 1.
1326 1662 1349 1682 e.

44 1701 168 1743 Mayer:
198 1702 340 1745 prolegg.
366 1715 396 1744 p.
418 1703 488 1745 XV,
515 1704 610 1746 frgm.
630 1715 659 1745 p.
680 1702 742 1746 17).
778 1703 824 1736 Ut
849 1704 933 1735 enim
958 1715 994 1735 ea
1018 1705 1089 1745 ipsa
1112 1715 1145 1735 re
1168 1704 1351 1747 auctoritas,

45 1765 109 1796 qua
131 1754 344 1797 Theophrasti
368 1756 543 1788 utebantur
565 1756 678 1798 ἀρεταὶ
703 1756 833 1797 λέξεως,
858 1757 1110 1798 demonstratur,
1133 1757 1219 1798 quod
1243 1757 1350 1798 inepte

43 1810 75 1840 et
94 1810 206 1840 eontra
224 1809 364 1841 indolem
389 1810 569 1851 διηγήσεως
592 1810 631 1841 ad
655 1812 720 1841 tres
739 1809 974 1842 Isocrateorum
999 1810 1134 1842 virtutes
1157 1806 1350 1842 narrationis
1412 1839 1421 1842 -

43 1862 303 1903 μεγαλοπρέπεια
327 1865 359 1894 et
383 1862 577 1904 ἑλληνισμός
600 1863 708 1895 addita
732 1866 820 1905 sunt,
848 1864 894 1895 ita
922 1863 1017 1895 aliam
1045 1864 1198 1895 virtutem
1227 1865 1347 1895 nullam

44 1913 232 1947 invenimus.
259 1915 310 1947 Ad
331 1916 458 1958 singula
477 1917 613 1958 denique
632 1918 801 1958 praecepta
815 1917 971 1948 virtutum
989 1916 1101 1955 λέξεως
1117 1917 1350 1958 comparandae

45 1969 120 1999 sunt
137 1968 271 1999 virtutes
291 1969 479 2010 διηγήσεως,
509 1969 570 2001 Sed
589 1970 667 2002 haec
687 1981 812 2011 semper
831 1970 1000 2001 observata
1019 1972 1067 2002 est
1086 1982 1104 2001 a
1119 1970 1229 2011 probis
1243 1973 1350 2002 aucto—

44 2020 133 2051 ribus
156 2020 348 2064 differentia,
372 2023 456 2064 quod
479 2023 628 2055 narrandi
652 2023 788 2054 virtutes
812 2023 844 2054 in
864 2023 960 2055 rebus
979 2026 1160 2064 versantur,
1184 2023 1221 2055 de
1243 2023 1350 2055 verbis

43 2073 179 2105 fortuito
203 2075 306 2117 magis
329 2077 424 2117 atque
448 2077 634 2108 summatim
659 2078 692 2108 et
712 2077 757 2107 ita
776 2076 988 2118 praecipitur,
1010 2078 1047 2107 ut
1071 2076 1110 2108 ad
1134 2077 1348 2108 elocutionem

135 2190 158 2221 1)
187 2187 277 2214 Nimis
303 2190 383 2215 caute
409 2189 569 2216 distinxisse
596 2189 665 2216 mihi
692 2189 802 2216 videtur
828 2190 1045 2217 Wendlandius:
1072 2190 1258 2216 Anaximenes
1278 2199 1301 2215 v.
1319 2190 1347 2215 L.

43 2236 68 2261 p.
85 2230 127 2258 43,
147 2236 316 2261 quamquam
337 2228 371 2254 de
390 2228 554 2256 Theodectis
574 2231 646 2262 arte,
666 2229 700 2255 de
720 2238 776 2263 qua
794 2230 843 2257 ille
863 2230 945 2263 dicit,
964 2239 999 2256 ne
1018 2238 1070 2264 ego
1089 2229 1202 2263 quidem
1222 2238 1255 2256 ex
1275 2238 1347 2256 con--

42 2267 149 2301 paratis
169 2268 301 2294 narrandi
320 2270 348 2294 et
367 2268 478 2295 dicendi
496 2269 647 2296 virtutibus
667 2269 775 2303 aliquid
795 2270 863 2296 certi
883 2270 1022 2296 affirmare
1038 2270 1136 2296 audeo.
