1566 2592
500 117 540 144 De
560 117 746 151 Theophrasti
765 117 874 144 ratione
894 117 1036 144 virtutum.
1381 119 1419 149 13

113 201 189 233 licet
210 202 451 242 praeceptorum
478 198 607 240 λέξεως)
635 198 877 230 revertendum“
900 197 962 241 (111
983 198 1070 241 148).
1113 198 1231 236 Quidni
1255 199 1419 231 credamus

115 253 275 295 Ciceroni,
298 253 353 295 qui
377 252 467 294 operi
491 263 549 283 suo
574 252 764 294 dignitatem
788 252 918 283 reddere
942 251 1079 293 studuit,
1103 263 1175 283 cum
1195 252 1420 284 auctoritatem

115 306 343 349 magistrorum
363 316 488 337 summo
506 305 637 336 nomine
656 305 874 346 praeditorum
895 305 986 346 sequi
1006 305 1115 336 mallet
1135 316 1231 346 quam
1255 305 1419 337 rhetorum

115 360 284 392 minorum.
316 358 403 396 Quos
426 360 534 390 autem
558 369 612 390 eos
636 359 819 390 inventores
843 357 942 390 fuisse
967 358 1132 390 dicamus?
1165 358 1226 395 Qui
1252 358 1419 390 historiam

115 413 229 452 λέξεως
248 423 355 445 secum
374 411 547 453 reputabit,
567 412 670 443 facere
688 422 752 443 non
771 413 887 452 potest,
906 411 986 452 quin
1000 410 1230 452 Peripateticos
1246 412 1420 453 significari
1470 436 1473 438 >

114 467 287 508 intellegat.
321 465 430 497 Cicero
451 456 483 496 et
501 465 569 506 ipse
590 475 717 506 quoque
737 464 830 495 initio
851 464 956 505 operis
976 464 1024 495 sui
1044 475 1103 495 nos
1123 464 1245 506 docuit,
1270 476 1349 506 quos
1370 465 1420 496 de-

113 520 240 562 signare
257 520 368 560 vellet,
390 529 463 551 cum
486 518 570 550 hanc
592 518 718 550 laudem
743 518 783 549 ad
802 517 1009 549 Aristotelem
1029 517 1350 559 Theophrastumque
1370 518 1420 550 de-

113 573 210 604 ferret
230 572 292 615 (De
307 571 358 604 Or.
371 571 387 603 I
401 571 468 614 43).
498 571 631 603 Constat
649 582 726 613 ergo
742 573 894 613 quattuor
908 571 979 603 illas
995 571 1139 612 virtutes,
1154 571 1272 612 quibus
1289 571 1420 603 Crassus
1465 568 1486 571 ⁴*

114 626 148 658 in
172 626 267 658 tertio
291 625 375 657 libro
395 625 443 657 De
459 624 511 657 Or.
536 620 662 657 omnem
687 625 902 656 elocutionem
927 624 1058 666 subicit,
1081 625 1183 665 ipsius
1207 624 1421 666 Theophrasti
1455 631 1473 642 ‘²

113 689 190 711 esse.
217 678 284 710 Iam
304 678 476 711 videndum
496 681 557 718 est,
582 689 644 719 qua
664 678 787 709 ratione
807 677 921 716 λέξεως
939 680 1108 719 praecepta
1127 679 1160 709 in
1180 680 1332 719 quattuor
1355 678 1420 709 lau-

113 732 189 765 dum
207 733 313 774 capita
333 732 574 764 distribuantur.

629 838 653 871 Ι.
667 837 905 879 Ἱῦλληνισμός.

204 909 335 942 Crassus
349 910 516 942 Tullianus
537 920 729 951 quamquam
749 908 946 950 ἑλληνισμόν
965 911 996 940 et
1011 910 1197 950 σαφήνειαν
1210 909 1294 940 inter
1311 909 1421 940 laudes

114 963 215 1004 ducit,
237 954 346 995 tamen
369 974 462 994 suum
486 973 551 994 non
575 965 668 1004 putat
691 973 760 994 esse
780 963 854 1003 puri
873 964 905 993 et
925 961 1055 993 dilucidi
1076 962 1231 994 sermonis
1251 964 1421 1003 praecepta

114 1016 280 1058 explicare.
308 1016 372 1048 Eas
392 1017 477 1047 enim
497 1016 575 1047 duas
594 1015 729 1047 virtutes
749 1015 904 1047 oratorias
923 1026 989 1047 non
1007 1014 1172 1046 rhetorum
1192 1017 1259 1047 erat
1277 1015 1420 1047 excolere
1475 1024 1489 1033 ‘

114 1070 149 1102 in
168 1070 434 1111 adulescentibus,
454 1069 510 1100 sed
529 1069 814 1112 grammaticorum
829 1069 863 1100 in
877 1069 994 1110 pueriS.
1023 1067 1154 1110 „Neque
1169 1069 1254 1100 enim
1269 1079 1421 1100 conamur

71 1166 76 1172 .
114 1124 226 1155 docere
253 1134 325 1155 eum
352 1123 469 1164 dicere,
499 1123 555 1164 qui
580 1123 670 1164 loqui
696 1123 817 1154 nesciat
929 1133 1032 1163 neque
1055 1132 1143 1163 vero,
1169 1123 1309 1162 quinon
1328 1122 1420 1162 dicat,

115 1177 201 1218 quod
223 1176 461 1219 intellegamuS,
490 1177 575 1208 hunc
599 1187 706 1218 posse,
735 1175 819 1217 quod
844 1175 1051 1215 admiremur,
1079 1175 1192 1207 dicere.
1223 1175 1420 1216 Linquamus

114 1229 215 1272 igitur
232 1229 318 1270 haec,
338 1241 419 1271 quae
438 1230 654 1271 cognitionem
673 1229 793 1260 habent
811 1229 947 1270 facilem,
967 1239 1060 1259 usum
1079 1229 1303 1260 necessarium.
1335 1228 1418 1260 Nam

115 1284 249 1316 aIterum
268 1283 406 1315 traditur
424 1283 542 1315 litteris
557 1283 765 1324 doctrinaque
773 1282 797 1325 l)
812 1281 941 1323 puerili;
959 1281 1095 1313 alterum
1111 1281 1281 1313 adhibetur
1295 1281 1336 1313 ob
1351 1292 1419 1312 eam

115 1347 257 1379 causam,
284 1339 320 1368 ut
347 1337 567 1378 intellegatur,
587 1336 667 1377 quid
692 1336 827 1377 quisque
851 1335 953 1366 dicat“
978 1334 1039 1377 (111
1059 1334 1125 1377 38).
1162 1335 1419 1376 „Praetereamus

114 1390 215 1433 igitur
232 1392 402 1432 praecepta
418 1389 531 1421 Latine
550 1389 712 1430 loquendi,
732 1399 814 1429 quae
828 1388 961 1430 puerilis
977 1388 1121 1419 doctrina
1140 1388 1257 1419 tradit“
1276 1386 1338 1430 (III
1352 1386 1419 1430 48).

115 1443 293 1484 „Quoniam
316 1442 394 1474 haec
418 1443 496 1474 satis
522 1453 615 1484 spero
643 1442 734 1474 vobis
761 1442 888 1483 quidem
916 1444 1001 1473 certe
1028 1441 1202 1473 maioribus
1228 1441 1364 1472 molesta
1389 1443 1420 1472 et

114 1496 228 1539 putida
246 1496 366 1528 videri“
385 1495 447 1539 (III
462 1495 528 1538 51).
561 1495 624 1527 Res
649 1495 742 1527 facile
766 1495 977 1537 intellegitur,
1002 1495 1097 1526 modo
1117 1494 1283 1526 Tullianae
1306 1494 1419 1525 aetatis

114 1549 322 1592 partitionem
341 1549 530 1590 disciplinae
549 1549 798 1581 consideremus:
818 1549 910 1589 pueri
929 1549 1068 1590 primum
1088 1547 1172 1589 apud
1192 1547 1419 1589 grammaticos

116 1603 280 1635 discebant
299 1613 402 1643 neque
422 1602 591 1643 quisquam
611 1602 721 1634 rhetor
740 1602 931 1643 discipulum
951 1601 1094 1633 nondum
1114 1600 1214 1632 initiis
1230 1600 1321 1641 quasi
1335 1600 1419 1631 litte-

116 1667 223 1688 rarum
242 1655 402 1687 imbutum
421 1655 604 1696 recipiebat.
633 1655 811 1686 Rhetorum
830 1665 942 1687 cursus
962 1654 1108 1696 superior
1132 1655 1200 1685 erat
1222 1656 1254 1685 et
1276 1653 1419 1685 rhetores

116 1719 188 1741 cum
212 1709 320 1750 aliqua
342 1709 580 1750 contemptione
604 1708 832 1751 grammaticos
856 1708 1023 1739 inferiores
1047 1707 1274 1749 despiciebant.
1309 1705 1424 1738 Cicero.

115 1764 236 1804 autem,
260 1762 315 1803 qui
336 1762 501 1794 rhetorum
526 1761 726 1803 disciplinam
752 1762 785 1793 in
808 1761 923 1793 altiora
942 1761 1168 1802 philosophiae
1187 1760 1291 1802 spatia
1310 1760 1419 1791 efferre

116 1815 254 1857 volebat,
273 1815 404 1847 nolebat
423 1818 508 1847 certe
527 1815 566 1846 ad
586 1815 812 1857 grammaticos
832 1814 1030 1846 descendere.
1058 1813 1170 1855 Itaque
1191 1824 1262 1845 cum
1282 1813 1344 1845 duo
1364 1814 1419 1845 illa

117 1868 234 1910 capita,
258 1869 404 1910 quamvis
422 1869 462 1900 ab
482 1869 585 1910 ipsius
604 1871 707 1900 aetate
731 1868 952 1909 abhorrerent,
976 1867 1187 1899 nihilominus
1210 1869 1420 1907 conservaret,

118 1931 152 1953 se
166 1932 314 1964 magnam
329 1923 446 1954 veteris
461 1923 540 1953 artis
555 1922 780 1953 auctoritatem
795 1922 883 1962 sequi
900 1921 1064 1953 confessus
1079 1922 1135 1952 est.
1163 1920 1247 1952 Nam
1265 1920 1304 1951 ad
1319 1920 1420 1951 Theo-

118 1974 285 2016 phrastum
299 1975 529 2017 philosophum
544 1975 649 2016 capita
663 1974 738 2016 περὶ
755 1974 952 2016 ἑλληνισμοῦ
968 1976 999 2006 et
1013 1973 1088 2015 περὶ
1104 1975 1285 2015 σαφηνείας
1300 1973 1420 2015 optime

118 2027 284 2069 quadrant.
311 2028 502 2060 Aristoteles
521 2039 561 2060 ne
579 2028 663 2060 libro
684 2028 810 2069 quidem
833 2028 871 2059 de
895 2029 963 2059 arte
986 2027 1112 2068 poetica
1135 2027 1317 2068 conscripto
1342 2026 1421 2057 indi-

118 2091 217 2123 gnum
228 2091 296 2112 esse
310 2081 462 2113 iudicavit
473 2081 510 2113 de
522 2082 639 2113 litteris
650 2083 682 2113 et
691 2081 860 2113 verborum
872 2081 1042 2123 generibus
1053 2080 1156 2111 dicere
1168 2078 1420 2122 (Poetic.1456b

119 2133 162 2166 20
172 2133 266 2176 sqq.)‚
292 2145 386 2175 quem
406 2135 446 2166 ad
466 2135 573 2167 locum
593 2135 626 2166 in
651 2135 747 2167 tertio
767 2135 844 2166 artis
866 2134 1043 2166 rhetoricae
1065 2133 1148 2165 libro
1170 2133 1419 2174 disputationem

209 2245 233 2278 1)
252 2244 310 2270 Aut
328 2252 360 2271 ex
379 2244 489 2278 scriptis
509 2244 641 2278 (litterae)
661 2245 710 2271 aut
729 2252 762 2271 ex
780 2244 909 2279 magistri
927 2244 1018 2270 verbis
1037 2243 1186 2277 (doctrina)
1201 2242 1281 2276 pueri
1301 2242 1419 2268 discunt.

118 2283 200 2310 Falso
220 2283 310 2310 Sorof:
331 2283 361 2310 ἓν
380 2283 429 2310 διὰ
447 2285 539 2311 dvctv:
559 2284 842 2311 wissenschaftlicher
859 2283 1135 2319 Jugenduntern'cht.
