<?xml version="1.0" encoding="UTF-8"?>
<!DOCTYPE html PUBLIC "-//W3C//DTD XHTML 1.0 Transitional//EN"
    "http://www.w3.org/TR/xhtml1/DTD/xhtml1-transitional.dtd">
<html xmlns="http://www.w3.org/1999/xhtml" xml:lang="en" lang="en">
 <head>
  <title>
</title>
<meta http-equiv="Content-Type" content="text/html;charset=utf-8" />
  <meta name='ocr-system' content='tesseract 3.04.00' />
  <meta name='ocr-capabilities' content='ocr_page ocr_carea ocr_par ocr_line ocrx_word'/>
</head>
<body>
  <div class='ocr_page' id='page_1' title='image "./detheophrastivir00strouoft_0121.png"; bbox 0 0 1566 2592; ppageno 0'>
   <div class='ocr_carea' id='block_1_1' title="bbox 384 147 1426 182">
    <p class='ocr_par' dir='ltr' id='par_1_1' title="bbox 384 147 1426 182">
     <span class='ocr_line' id='line_1_1' title="bbox 384 147 1426 182; baseline -0.001 -7"><span class='ocrx_word' id='word_1_1' title='bbox 384 148 426 175; x_wconf 84' lang='lat' dir='ltr'>De</span> <span class='ocrx_word' id='word_1_2' title='bbox 444 147 579 174; x_wconf 80' lang='lat' dir='ltr'>virtutum</span> <span class='ocrx_word' id='word_1_3' title='bbox 599 147 711 173; x_wconf 82' lang='lat' dir='ltr'>dicendi</span> <span class='ocrx_word' id='word_1_4' title='bbox 731 155 795 173; x_wconf 89' lang='lat' dir='ltr'>cum</span> <span class='ocrx_word' id='word_1_5' title='bbox 814 147 963 182; x_wconf 84' lang='lat' dir='ltr'>generibus</span> <span class='ocrx_word' id='word_1_6' title='bbox 983 147 1154 175; x_wconf 83' lang='lat' dir='ltr'>confusione.</span> <span class='ocrx_word' id='word_1_7' title='bbox 1363 147 1426 178; x_wconf 86' lang='lat'>111</span> 
     </span>
    </p>
   </div>
   <div class='ocr_carea' id='block_1_2' title="bbox 117 227 1445 1655">
    <p class='ocr_par' dir='ltr' id='par_1_2' title="bbox 117 227 1442 1229">
     <span class='ocr_line' id='line_1_2' title="bbox 117 227 1430 272; baseline -0.002 -9"><span class='ocrx_word' id='word_1_8' title='bbox 117 229 244 268; x_wconf 77' lang='grc' dir='ltr'><em>θέσεως</em></span> <span class='ocrx_word' id='word_1_9' title='bbox 258 230 390 262; x_wconf 85' lang='lat' dir='ltr'>tertium</span> <span class='ocrx_word' id='word_1_10' title='bbox 404 240 505 272; x_wconf 88' lang='lat' dir='ltr'>genus</span> <span class='ocrx_word' id='word_1_11' title='bbox 520 228 613 260; x_wconf 89' lang='lat' dir='ltr'>initio</span> <span class='ocrx_word' id='word_1_12' title='bbox 629 229 790 268; x_wconf 82' lang='grc' dir='ltr'><strong><em>εὔκρατον</em></strong></span> <span class='ocrx_word' id='word_1_13' title='bbox 808 229 990 269; x_wconf 76' lang='lat' dir='ltr'>appellatur</span> <span class='ocrx_word' id='word_1_14' title='bbox 1009 227 1048 270; x_wconf 83' lang='lat' dir='ltr'>(e.</span> <span class='ocrx_word' id='word_1_15' title='bbox 1065 228 1105 260; x_wconf 82' lang='lat'>21</span> <span class='ocrx_word' id='word_1_16' title='bbox 1127 240 1156 270; x_wconf 90' lang='lat' dir='ltr'>p.</span> <span class='ocrx_word' id='word_1_17' title='bbox 1175 227 1298 271; x_wconf 85' lang='lat' dir='ltr'>146R),</span> <span class='ocrx_word' id='word_1_18' title='bbox 1317 230 1430 270; x_wconf 88' lang='lat' dir='ltr'>postea</span> 
     </span>
     <span class='ocr_line' id='line_1_3' title="bbox 119 281 1430 324; baseline -0.002 -8"><span class='ocrx_word' id='word_1_19' title='bbox 119 286 227 316; x_wconf 86' lang='lat' dir='ltr'>autem</span> <span class='ocrx_word' id='word_1_20' title='bbox 254 283 295 315; x_wconf 81' lang='lat' dir='ltr'>ad</span> <span class='ocrx_word' id='word_1_21' title='bbox 326 282 508 324; x_wconf 85' lang='lat' dir='ltr'>exemplum</span> <span class='ocrx_word' id='word_1_22' title='bbox 537 281 767 322; x_wconf 71' lang='lat' dir='ltr'>Peripateticae</span> <span class='ocrx_word' id='word_1_23' title='bbox 800 282 976 323; x_wconf 81' lang='grc' dir='ltr'><strong><em>μεσότητος</em></strong></span> <span class='ocrx_word' id='word_1_24' title='bbox 1009 282 1175 313; x_wconf 82' lang='lat' dir='ltr'>inventum</span> <span class='ocrx_word' id='word_1_25' title='bbox 1204 282 1332 313; x_wconf 86' lang='lat' dir='ltr'>videtur</span> <span class='ocrx_word' id='word_1_26' title='bbox 1353 293 1430 313; x_wconf 86' lang='lat' dir='ltr'>esse.</span> 
     </span>
     <span class='ocr_line' id='line_1_4' title="bbox 119 330 1436 379; baseline -0.002 -10"><span class='ocrx_word' id='word_1_27' title='bbox 119 330 296 379; x_wconf 84' lang='lat' dir='ltr'>Dionysius</span> <span class='ocrx_word' id='word_1_28' title='bbox 315 337 400 368; x_wconf 85' lang='lat' dir='ltr'>enim</span> <span class='ocrx_word' id='word_1_29' title='bbox 420 346 491 367; x_wconf 83' lang='lat' dir='ltr'>eum</span> <span class='ocrx_word' id='word_1_30' title='bbox 511 335 545 366; x_wconf 86' lang='lat' dir='ltr'>in</span> <span class='ocrx_word' id='word_1_31' title='bbox 565 335 652 366; x_wconf 88' lang='lat' dir='ltr'>omni</span> <span class='ocrx_word' id='word_1_32' title='bbox 678 335 896 376; x_wconf 85' lang='lat' dir='ltr'>disputatione</span> <span class='ocrx_word' id='word_1_33' title='bbox 916 335 954 366; x_wconf 89' lang='lat' dir='ltr'>de</span> <span class='ocrx_word' id='word_1_34' title='bbox 973 335 1159 376; x_wconf 82' lang='lat' dir='ltr'>generibus,</span> <span class='ocrx_word' id='word_1_35' title='bbox 1183 336 1252 366; x_wconf 90' lang='lat' dir='ltr'>tum</span> <span class='ocrx_word' id='word_1_36' title='bbox 1272 335 1305 366; x_wconf 91' lang='lat' dir='ltr'>in</span> <span class='ocrx_word' id='word_1_37' title='bbox 1324 335 1436 367; x_wconf 80' lang='lat' dir='ltr'>medio</span> 
     </span>
     <span class='ocr_line' id='line_1_5' title="bbox 121 387 1431 433; baseline -0.002 -11"><span class='ocrx_word' id='word_1_38' title='bbox 121 401 237 433; x_wconf 82' lang='lat' dir='ltr'>genere</span> <span class='ocrx_word' id='word_1_39' title='bbox 256 390 376 421; x_wconf 83' lang='lat' dir='ltr'>invitus</span> <span class='ocrx_word' id='word_1_40' title='bbox 394 388 502 430; x_wconf 83' lang='lat' dir='ltr'><strong>prodit</strong></span> <span class='ocrx_word' id='word_1_41' title='bbox 520 399 587 419; x_wconf 91' lang='lat' dir='ltr'>rem</span> <span class='ocrx_word' id='word_1_42' title='bbox 608 387 671 419; x_wconf 84' lang='lat' dir='ltr'>sibi</span> <span class='ocrx_word' id='word_1_43' title='bbox 689 388 769 419; x_wconf 82' lang='lat' dir='ltr'>satis</span> <span class='ocrx_word' id='word_1_44' title='bbox 789 388 941 419; x_wconf 75' lang='lat' dir='ltr'>incertam</span> <span class='ocrx_word' id='word_1_45' title='bbox 962 399 1030 420; x_wconf 86' lang='lat' dir='ltr'>esse</span> <span class='ocrx_word' id='word_1_46' title='bbox 1049 399 1153 429; x_wconf 89' lang='lat' dir='ltr'>neque</span> <span class='ocrx_word' id='word_1_47' title='bbox 1177 388 1358 419; x_wconf 87' lang='lat' dir='ltr'>universam</span> <span class='ocrx_word' id='word_1_48' title='bbox 1379 399 1431 430; x_wconf 87' lang='lat' dir='ltr'>ge-</span> 
     </span>
     <span class='ocr_line' id='line_1_6' title="bbox 120 441 1433 484; baseline -0.002 -9"><span class='ocrx_word' id='word_1_49' title='bbox 120 455 233 475; x_wconf 89' lang='lat' dir='ltr'>nerum</span> <span class='ocrx_word' id='word_1_50' title='bbox 261 441 504 484; x_wconf 76' lang='lat' dir='ltr'><strong>compositionis</strong></span> <span class='ocrx_word' id='word_1_51' title='bbox 527 441 685 473; x_wconf 87' lang='lat' dir='ltr'>rationem</span> <span class='ocrx_word' id='word_1_52' title='bbox 714 441 753 473; x_wconf 82' lang='lat' dir='ltr'>ab</span> <span class='ocrx_word' id='word_1_53' title='bbox 783 442 871 473; x_wconf 87' lang='lat' dir='ltr'>omni</span> <span class='ocrx_word' id='word_1_54' title='bbox 899 452 1032 473; x_wconf 87' lang='lat' dir='ltr'>numero</span> <span class='ocrx_word' id='word_1_55' title='bbox 1062 452 1130 472; x_wconf 85' lang='lat' dir='ltr'>esse</span> <span class='ocrx_word' id='word_1_56' title='bbox 1159 441 1349 473; x_wconf 74' lang='lat' dir='ltr'><strong>absolutam.</strong></span> <span class='ocrx_word' id='word_1_57' title='bbox 1383 441 1433 473; x_wconf 83' lang='lat' dir='ltr'>Ea</span> 
     </span>
     <span class='ocr_line' id='line_1_7' title="bbox 121 494 1431 537; baseline -0.001 -9"><span class='ocrx_word' id='word_1_58' title='bbox 121 499 227 529; x_wconf 87' lang='lat' dir='ltr'>autem</span> <span class='ocrx_word' id='word_1_59' title='bbox 248 497 296 527; x_wconf 88' lang='lat' dir='ltr'>est</span> <span class='ocrx_word' id='word_1_60' title='bbox 314 495 532 527; x_wconf 87' lang='lat' dir='ltr'>distinctionis</span> <span class='ocrx_word' id='word_1_61' title='bbox 551 494 602 526; x_wconf 83' lang='lat' dir='ltr'>vel</span> <span class='ocrx_word' id='word_1_62' title='bbox 622 494 800 526; x_wconf 79' lang='lat' dir='ltr'><strong>obscuritas</strong></span> <span class='ocrx_word' id='word_1_63' title='bbox 819 495 870 526; x_wconf 86' lang='lat' dir='ltr'>vel</span> <span class='ocrx_word' id='word_1_64' title='bbox 895 494 1114 537; x_wconf 83' lang='lat' dir='ltr'>neglegentia,</span> <span class='ocrx_word' id='word_1_65' title='bbox 1137 496 1174 525; x_wconf 89' lang='lat' dir='ltr'>ut</span> <span class='ocrx_word' id='word_1_66' title='bbox 1197 495 1275 526; x_wconf 89' lang='lat' dir='ltr'><strong>mihi</strong></span> <span class='ocrx_word' id='word_1_67' title='bbox 1303 495 1431 536; x_wconf 85' lang='lat' dir='ltr'>quidem</span> 
     </span>
     <span class='ocr_line' id='line_1_8' title="bbox 120 547 1434 590; baseline -0.001 -9"><span class='ocrx_word' id='word_1_68' title='bbox 120 561 185 582; x_wconf 87' lang='lat' dir='ltr'>non</span> <span class='ocrx_word' id='word_1_69' title='bbox 200 550 242 581; x_wconf 90' lang='lat' dir='ltr'>sit</span> <span class='ocrx_word' id='word_1_70' title='bbox 257 548 399 590; x_wconf 88' lang='lat' dir='ltr'>dubium,</span> <span class='ocrx_word' id='word_1_71' title='bbox 414 549 493 590; x_wconf 92' lang='lat' dir='ltr'>quin</span> <span class='ocrx_word' id='word_1_72' title='bbox 508 548 577 590; x_wconf 91' lang='lat' dir='ltr'>ipse</span> <span class='ocrx_word' id='word_1_73' title='bbox 592 547 767 590; x_wconf 84' lang='lat' dir='ltr'><strong>Dionysius</strong></span> <span class='ocrx_word' id='word_1_74' title='bbox 782 547 820 579; x_wconf 85' lang='lat' dir='ltr'>ad</span> <span class='ocrx_word' id='word_1_75' title='bbox 841 548 1023 589; x_wconf 87' lang='lat' dir='ltr'>exemplum</span> <span class='ocrx_word' id='word_1_76' title='bbox 1039 547 1165 579; x_wconf 80' lang='lat' dir='ltr'>dicendi</span> <span class='ocrx_word' id='word_1_77' title='bbox 1180 558 1333 590; x_wconf 86' lang='lat' dir='ltr'>generum</span> <span class='ocrx_word' id='word_1_78' title='bbox 1349 559 1434 580; x_wconf 90' lang='lat' dir='ltr'>com-</span> 
     </span>
     <span class='ocr_line' id='line_1_9' title="bbox 120 600 1434 646; baseline -0.002 -12"><span class='ocrx_word' id='word_1_79' title='bbox 120 603 284 646; x_wconf 80' lang='lat' dir='ltr'><strong>positioni,</strong></span> <span class='ocrx_word' id='word_1_80' title='bbox 303 602 397 634; x_wconf 73' lang='lat' dir='ltr'>alteri</span> <span class='ocrx_word' id='word_1_81' title='bbox 413 601 528 639; x_wconf 81' lang='grc' dir='ltr'><strong><em>λέξεως</em></strong></span> <span class='ocrx_word' id='word_1_82' title='bbox 542 601 637 643; x_wconf 83' lang='lat' dir='ltr'>parti,</span> <span class='ocrx_word' id='word_1_83' title='bbox 656 601 790 643; x_wconf 90' lang='lat' dir='ltr'>propria</span> <span class='ocrx_word' id='word_1_84' title='bbox 809 611 867 632; x_wconf 84' lang='lat' dir='ltr'>sua</span> <span class='ocrx_word' id='word_1_85' title='bbox 885 611 1004 643; x_wconf 88' lang='lat' dir='ltr'>genera</span> <span class='ocrx_word' id='word_1_86' title='bbox 1023 600 1153 632; x_wconf 84' lang='lat' dir='ltr'>dederit.</span> <span class='ocrx_word' id='word_1_87' title='bbox 1178 600 1227 632; x_wconf 92' lang='lat' dir='ltr'>Ne</span> <span class='ocrx_word' id='word_1_88' title='bbox 1243 601 1281 632; x_wconf 92' lang='lat' dir='ltr'>de</span> <span class='ocrx_word' id='word_1_89' title='bbox 1295 602 1434 632; x_wconf 81' lang='lat' dir='ltr'>nomini·</span> 
     </span>
     <span class='ocr_line' id='line_1_10' title="bbox 120 650 1434 697; baseline -0.001 -10"><span class='ocrx_word' id='word_1_90' title='bbox 120 656 181 688; x_wconf 83' lang='lat' dir='ltr'>bus</span> <span class='ocrx_word' id='word_1_91' title='bbox 196 656 325 697; x_wconf 86' lang='lat' dir='ltr'>quidem</span> <span class='ocrx_word' id='word_1_92' title='bbox 340 655 426 697; x_wconf 89' lang='lat' dir='ltr'>apud</span> <span class='ocrx_word' id='word_1_93' title='bbox 441 666 513 686; x_wconf 91' lang='lat' dir='ltr'>eum</span> <span class='ocrx_word' id='word_1_94' title='bbox 533 656 659 686; x_wconf 83' lang='lat' dir='ltr'>constat</span> <span class='ocrx_word' id='word_1_95' title='bbox 678 665 703 686; x_wconf 83' lang='lat' dir='ltr'>c.</span> <span class='ocrx_word' id='word_1_96' title='bbox 718 654 758 686; x_wconf 82' lang='lat'>21</span> <span class='ocrx_word' id='word_1_97' title='bbox 781 666 811 696; x_wconf 89' lang='lat' dir='ltr'>p.</span> <span class='ocrx_word' id='word_1_98' title='bbox 829 654 904 686; x_wconf 86' lang='lat'>146:</span> <span class='ocrx_word' id='word_1_99' title='bbox 925 650 976 692; x_wconf 83' lang='grc' dir='ltr'><strong><em>αἷς</em></strong></span> <span class='ocrx_word' id='word_1_100' title='bbox 997 653 1134 696; x_wconf 83' lang='lat' dir='ltr'>(scilicet</span> <span class='ocrx_word' id='word_1_101' title='bbox 1153 654 1344 692; x_wconf 80' lang='grc' dir='ltr'><em>συνθέσεως</em></span> <span class='ocrx_word' id='word_1_102' title='bbox 1362 655 1434 686; x_wconf 81' lang='grc' dir='ltr'><strong><em>δια-</em></strong></span> 
     </span>
     <span class='ocr_line' id='line_1_11' title="bbox 121 705 1432 751; baseline -0.001 -11"><span class='ocrx_word' id='word_1_103' title='bbox 121 707 256 751; x_wconf 81' lang='grc' dir='ltr'>φοραῖς)</span> <span class='ocrx_word' id='word_1_104' title='bbox 286 708 303 740; x_wconf 89' lang='grc' dir='ltr'>ὁ</span> <span class='ocrx_word' id='word_1_105' title='bbox 332 708 538 748; x_wconf 77' lang='grc' dir='ltr'><strong><em>βουλόμενος</em></strong></span> <span class='ocrx_word' id='word_1_106' title='bbox 570 705 882 748; x_wconf 81' lang='grc' dir='ltr'><strong><em>ὀνόματαθήσεται</em></strong></span> <span class='ocrx_word' id='word_1_107' title='bbox 910 708 949 739; x_wconf 81' lang='grc' dir='ltr'><strong><em>τὰ</em></strong></span> <span class='ocrx_word' id='word_1_108' title='bbox 978 708 1099 748; x_wconf 84' lang='grc' dir='ltr'><strong><em>οἰκεῖα,</em></strong></span> <span class='ocrx_word' id='word_1_109' title='bbox 1128 707 1263 739; x_wconf 78' lang='grc' dir='ltr'><strong><em>ἐπειδὰν</em></strong></span> <span class='ocrx_word' id='word_1_110' title='bbox 1291 708 1370 745; x_wconf 92' lang='grc' dir='ltr'><strong><em>τούς</em></strong></span> <span class='ocrx_word' id='word_1_111' title='bbox 1398 719 1432 739; x_wconf 89' lang='grc' dir='ltr'><strong><em>τε</em></strong></span> 
     </span>
     <span class='ocr_line' id='line_1_12' title="bbox 121 759 1432 804; baseline 0 -11"><span class='ocrx_word' id='word_1_112' title='bbox 121 765 329 804; x_wconf 76' lang='grc' dir='ltr'><strong><em>χαρακτῆρας</em></strong></span> <span class='ocrx_word' id='word_1_113' title='bbox 348 761 458 793; x_wconf 83' lang='grc' dir='ltr'><strong><em>αὐτῶν</em></strong></span> <span class='ocrx_word' id='word_1_114' title='bbox 476 759 530 792; x_wconf 84' lang='grc' dir='ltr'>καὶ</span> <span class='ocrx_word' id='word_1_115' title='bbox 550 762 607 798; x_wconf 86' lang='grc' dir='ltr'><strong><em>τὰς</em></strong></span> <span class='ocrx_word' id='word_1_116' title='bbox 633 761 797 801; x_wconf 76' lang='grc' dir='ltr'><strong><em>διαφορὰς</em></strong></span> <span class='ocrx_word' id='word_1_117' title='bbox 816 760 951 802; x_wconf 81' lang='grc' dir='ltr'><strong><em>ἀκούσῃ.</em></strong></span> <span class='ocrx_word' id='word_1_118' title='bbox 981 760 1044 801; x_wconf 84' lang='grc' dir='ltr'>ἐγὼ</span> <span class='ocrx_word' id='word_1_119' title='bbox 1064 760 1178 802; x_wconf 85' lang='grc' dir='ltr'><strong><em>μέντοι</em></strong></span> <span class='ocrx_word' id='word_1_120' title='bbox 1203 763 1333 802; x_wconf 80' lang='grc' dir='ltr'><em>κυρίοις</em></span> <span class='ocrx_word' id='word_1_121' title='bbox 1357 761 1432 793; x_wconf 90' lang='grc' dir='ltr'><strong><em>ὀνό-</em></strong></span> 
     </span>
     <span class='ocr_line' id='line_1_13' title="bbox 122 813 1440 856; baseline -0.001 -10"><span class='ocrx_word' id='word_1_122' title='bbox 122 824 223 856; x_wconf 87' lang='grc' dir='ltr'><strong><em>μασιν</em></strong></span> <span class='ocrx_word' id='word_1_123' title='bbox 243 815 305 846; x_wconf 85' lang='grc' dir='ltr'>οὐκ</span> <span class='ocrx_word' id='word_1_124' title='bbox 320 816 405 856; x_wconf 78' lang='grc' dir='ltr'><strong><em>ἔχων</em></strong></span> <span class='ocrx_word' id='word_1_125' title='bbox 424 814 525 852; x_wconf 82' lang='grc' dir='ltr'><strong><em>αὐτὰς</em></strong></span> <span class='ocrx_word' id='word_1_126' title='bbox 543 819 811 855; x_wconf 75' lang='grc' dir='ltr'><strong><em>προσαγορεῦσαι</em></strong></span> <span class='ocrx_word' id='word_1_127' title='bbox 827 814 870 851; x_wconf 82' lang='grc' dir='ltr'>ὡς</span> <span class='ocrx_word' id='word_1_128' title='bbox 889 813 1179 855; x_wconf 78' lang='grc' dir='ltr'><strong><em>ἀκατονομάστους</em></strong></span> <span class='ocrx_word' id='word_1_129' title='bbox 1198 819 1440 856; x_wconf 73' lang='grc' dir='ltr'><strong><em>μεταφορικοῖς</em></strong></span> 
     </span>
     <span class='ocr_line' id='line_1_14' title="bbox 123 865 1433 909; baseline -0.002 -8"><span class='ocrx_word' id='word_1_130' title='bbox 123 869 262 908; x_wconf 88' lang='grc' dir='ltr'><strong><em>ὀνόμασι</em></strong></span> <span class='ocrx_word' id='word_1_131' title='bbox 291 870 379 900; x_wconf 81' lang='grc' dir='ltr'><strong><em>καλῶ</em></strong></span> <span class='ocrx_word' id='word_1_132' title='bbox 399 870 466 900; x_wconf 81' lang='grc' dir='ltr'><strong><em>κτλ.</em></strong></span> <span class='ocrx_word' id='word_1_133' title='bbox 486 869 518 899; x_wconf 89' lang='lat' dir='ltr'>et</span> <span class='ocrx_word' id='word_1_134' title='bbox 537 878 561 899; x_wconf 83' lang='grc' dir='ltr'><strong><em>ο.</em></strong></span> <span class='ocrx_word' id='word_1_135' title='bbox 577 867 620 899; x_wconf 81' lang='grc'>24</span> <span class='ocrx_word' id='word_1_136' title='bbox 639 879 669 909; x_wconf 91' lang='lat' dir='ltr'>p.</span> <span class='ocrx_word' id='word_1_137' title='bbox 687 867 797 899; x_wconf 84' lang='lat' dir='ltr'>186R:</span> <span class='ocrx_word' id='word_1_138' title='bbox 826 867 846 908; x_wconf 80' lang='grc' dir='ltr'><em>ἡ</em></span> <span class='ocrx_word' id='word_1_139' title='bbox 875 865 911 899; x_wconf 75' lang='grc' dir='ltr'>δὲ</span> <span class='ocrx_word' id='word_1_140' title='bbox 940 869 1032 909; x_wconf 86' lang='grc' dir='ltr'><strong><em>τρίτη</em></strong></span> <span class='ocrx_word' id='word_1_141' title='bbox 1057 867 1111 898; x_wconf 82' lang='grc' dir='ltr'>καὶ</span> <span class='ocrx_word' id='word_1_142' title='bbox 1138 867 1219 909; x_wconf 83' lang='grc' dir='ltr'><strong><em>μέση</em></strong></span> <span class='ocrx_word' id='word_1_143' title='bbox 1250 873 1316 899; x_wconf 83' lang='grc' dir='ltr'>τῶν</span> <span class='ocrx_word' id='word_1_144' title='bbox 1346 869 1433 909; x_wconf 82' lang='grc' dir='ltr'><strong><em>εἰρη-</em></strong></span> 
     </span>
     <span class='ocr_line' id='line_1_15' title="bbox 123 920 1435 963; baseline -0.002 -9"><span class='ocrx_word' id='word_1_145' title='bbox 123 921 234 962; x_wconf 82' lang='grc' dir='ltr'><strong><em>μένων</em></strong></span> <span class='ocrx_word' id='word_1_146' title='bbox 249 922 344 953; x_wconf 82' lang='grc' dir='ltr'><em>δυεῖν</em></span> <span class='ocrx_word' id='word_1_147' title='bbox 363 921 543 963; x_wconf 81' lang='grc' dir='ltr'><strong><em>ἁρμονιῶν,</em></strong></span> <span class='ocrx_word' id='word_1_148' title='bbox 557 921 600 961; x_wconf 83' lang='grc' dir='ltr'><strong><em>ἣν</em></strong></span> <span class='ocrx_word' id='word_1_149' title='bbox 614 921 776 962; x_wconf 80' lang='grc' dir='ltr'><strong><em>εὔκρατον</em></strong></span> <span class='ocrx_word' id='word_1_150' title='bbox 795 923 884 952; x_wconf 80' lang='grc' dir='ltr'><strong><em>καλῶ</em></strong></span> <span class='ocrx_word' id='word_1_151' title='bbox 900 921 1019 952; x_wconf 78' lang='grc' dir='ltr'><strong><em>σπάνει</em></strong></span> <span class='ocrx_word' id='word_1_152' title='bbox 1038 922 1158 962; x_wconf 83' lang='grc' dir='ltr'><strong><em>κυρίου</em></strong></span> <span class='ocrx_word' id='word_1_153' title='bbox 1173 933 1207 953; x_wconf 86' lang='grc' dir='ltr'><strong><em>τε</em></strong></span> <span class='ocrx_word' id='word_1_154' title='bbox 1222 920 1275 953; x_wconf 86' lang='grc' dir='ltr'>καὶ</span> <span class='ocrx_word' id='word_1_155' title='bbox 1290 923 1435 963; x_wconf 83' lang='grc' dir='ltr'><strong><em>κρείττο-</em></strong></span> 
     </span>
     <span class='ocr_line' id='line_1_16' title="bbox 123 973 1434 1016; baseline -0.001 -9"><span class='ocrx_word' id='word_1_156' title='bbox 123 987 181 1013; x_wconf 92' lang='grc' dir='ltr'>νος</span> <span class='ocrx_word' id='word_1_157' title='bbox 196 975 356 1016; x_wconf 86' lang='grc' dir='ltr'><strong><em>ὀνόματος</em></strong></span> <span class='ocrx_word' id='word_1_158' title='bbox 370 977 437 1006; x_wconf 84' lang='grc' dir='ltr'><strong><em>κτλ.</em></strong></span> <span class='ocrx_word' id='word_1_159' title='bbox 465 973 562 1015; x_wconf 82' lang='lat' dir='ltr'>Pone,</span> <span class='ocrx_word' id='word_1_160' title='bbox 581 985 707 1015; x_wconf 80' lang='lat' dir='ltr'>quaeso,</span> <span class='ocrx_word' id='word_1_161' title='bbox 727 975 763 1005; x_wconf 88' lang='lat' dir='ltr'>ut</span> <span class='ocrx_word' id='word_1_162' title='bbox 783 973 912 1015; x_wconf 85' lang='lat' dir='ltr'>quidam</span> <span class='ocrx_word' id='word_1_163' title='bbox 933 974 1056 1015; x_wconf 83' lang='lat' dir='ltr'>volunt,</span> <span class='ocrx_word' id='word_1_164' title='bbox 1075 985 1094 1005; x_wconf 84' lang='lat' dir='ltr'>a</span> <span class='ocrx_word' id='word_1_165' title='bbox 1113 974 1337 1016; x_wconf 84' lang='lat' dir='ltr'><strong>Theophrasto</strong></span> <span class='ocrx_word' id='word_1_166' title='bbox 1357 974 1434 1006; x_wconf 84' lang='lat' dir='ltr'>haec</span> 
     </span>
     <span class='ocr_line' id='line_1_17' title="bbox 124 1026 1438 1071; baseline -0.001 -11"><span class='ocrx_word' id='word_1_167' title='bbox 124 1039 241 1071; x_wconf 77' lang='lat' dir='ltr'>genera</span> <span class='ocrx_word' id='word_1_168' title='bbox 263 1028 362 1060; x_wconf 87' lang='lat' dir='ltr'>fuisse</span> <span class='ocrx_word' id='word_1_169' title='bbox 391 1029 552 1069; x_wconf 83' lang='lat' dir='ltr'>appellata</span> <span class='ocrx_word' id='word_1_170' title='bbox 577 1029 608 1058; x_wconf 88' lang='lat' dir='ltr'>et</span> <span class='ocrx_word' id='word_1_171' title='bbox 636 1028 801 1069; x_wconf 81' lang='lat' dir='ltr'>explicata.</span> <span class='ocrx_word' id='word_1_172' title='bbox 834 1026 986 1059; x_wconf 85' lang='lat' dir='ltr'>Potuitne</span> <span class='ocrx_word' id='word_1_173' title='bbox 1015 1027 1191 1069; x_wconf 86' lang='lat' dir='ltr'>Dionysius</span> <span class='ocrx_word' id='word_1_174' title='bbox 1219 1030 1286 1059; x_wconf 85' lang='lat' dir='ltr'>tam</span> <span class='ocrx_word' id='word_1_175' title='bbox 1314 1028 1438 1059; x_wconf 84' lang='lat' dir='ltr'>incerta</span> 
     </span>
     <span class='ocr_line' id='line_1_18' title="bbox 124 1079 1442 1122; baseline 0 -9"><span class='ocrx_word' id='word_1_176' title='bbox 124 1081 221 1114; x_wconf 84' lang='lat' dir='ltr'>verba</span> <span class='ocrx_word' id='word_1_177' title='bbox 239 1081 353 1121; x_wconf 81' lang='lat' dir='ltr'>faeere,</span> <span class='ocrx_word' id='word_1_178' title='bbox 372 1081 399 1112; x_wconf 89' lang='lat' dir='ltr'><strong>si</strong></span> <span class='ocrx_word' id='word_1_179' title='bbox 414 1080 656 1122; x_wconf 81' lang='lat' dir='ltr'><strong>Theophrastus</strong></span> <span class='ocrx_word' id='word_1_180' title='bbox 671 1082 704 1112; x_wconf 90' lang='lat' dir='ltr'>in</span> <span class='ocrx_word' id='word_1_181' title='bbox 719 1081 803 1112; x_wconf 87' lang='lat' dir='ltr'>libro</span> <span class='ocrx_word' id='word_1_182' title='bbox 818 1081 894 1122; x_wconf 81' lang='grc' dir='ltr'><strong><em>περὶ</em></strong></span> <span class='ocrx_word' id='word_1_183' title='bbox 915 1079 1030 1118; x_wconf 83' lang='grc' dir='ltr'><strong><em>λέξεως</em></strong></span> <span class='ocrx_word' id='word_1_184' title='bbox 1045 1081 1108 1112; x_wconf 87' lang='lat' dir='ltr'>iam</span> <span class='ocrx_word' id='word_1_185' title='bbox 1129 1081 1228 1112; x_wconf 88' lang='lat' dir='ltr'>isdem</span> <span class='ocrx_word' id='word_1_186' title='bbox 1248 1081 1442 1113; x_wconf 72' lang='lat' dir='ltr'><strong>nominibus</strong></span> 
     </span>
     <span class='ocr_line' id='line_1_19' title="bbox 125 1133 1436 1177; baseline 0 -11"><span class='ocrx_word' id='word_1_187' title='bbox 125 1146 277 1177; x_wconf 82' lang='lat' dir='ltr'>generum</span> <span class='ocrx_word' id='word_1_188' title='bbox 296 1145 372 1166; x_wconf 89' lang='lat' dir='ltr'>usus</span> <span class='ocrx_word' id='word_1_189' title='bbox 392 1135 483 1165; x_wconf 86' lang='lat' dir='ltr'>esset.</span> <span class='ocrx_word' id='word_1_190' title='bbox 512 1133 546 1165; x_wconf 83' lang='lat' dir='ltr'>Si</span> <span class='ocrx_word' id='word_1_191' title='bbox 566 1135 672 1165; x_wconf 89' lang='lat' dir='ltr'>autem</span> <span class='ocrx_word' id='word_1_192' title='bbox 693 1134 755 1165; x_wconf 80' lang='lat' dir='ltr'>alia</span> <span class='ocrx_word' id='word_1_193' title='bbox 779 1133 991 1175; x_wconf 80' lang='lat' dir='ltr'><strong>adhibuisset,</strong></span> <span class='ocrx_word' id='word_1_194' title='bbox 1010 1145 1067 1165; x_wconf 84' lang='lat' dir='ltr'>cur</span> <span class='ocrx_word' id='word_1_195' title='bbox 1085 1134 1261 1176; x_wconf 86' lang='lat' dir='ltr'>Dionysius</span> <span class='ocrx_word' id='word_1_196' title='bbox 1281 1145 1376 1175; x_wconf 84' lang='lat' dir='ltr'>nova,</span> <span class='ocrx_word' id='word_1_197' title='bbox 1395 1145 1436 1166; x_wconf 88' lang='lat' dir='ltr'>ne</span> 
     </span>
     <span class='ocr_line' id='line_1_20' title="bbox 125 1186 796 1229; baseline -0.003 -9"><span class='ocrx_word' id='word_1_198' title='bbox 125 1188 187 1220; x_wconf 86' lang='lat' dir='ltr'><strong>sibi</strong></span> <span class='ocrx_word' id='word_1_199' title='bbox 206 1188 335 1229; x_wconf 87' lang='lat' dir='ltr'>quidem</span> <span class='ocrx_word' id='word_1_200' title='bbox 356 1187 434 1218; x_wconf 82' lang='lat' dir='ltr'>satis</span> <span class='ocrx_word' id='word_1_201' title='bbox 453 1186 588 1228; x_wconf 84' lang='lat' dir='ltr'>probata</span> <span class='ocrx_word' id='word_1_202' title='bbox 607 1187 796 1229; x_wconf 80' lang='lat' dir='ltr'>effingeret?</span> 
     </span>
    </p>

    <p class='ocr_par' dir='ltr' id='par_1_3' title="bbox 124 1240 1445 1655">
     <span class='ocr_line' id='line_1_21' title="bbox 213 1240 1442 1282; baseline 0.001 -11"><span class='ocrx_word' id='word_1_203' title='bbox 213 1240 265 1272; x_wconf 90' lang='lat' dir='ltr'>Ad</span> <span class='ocrx_word' id='word_1_204' title='bbox 285 1241 347 1272; x_wconf 92' lang='lat' dir='ltr'>duo</span> <span class='ocrx_word' id='word_1_205' title='bbox 366 1240 475 1282; x_wconf 82' lang='lat' dir='ltr'>priora</span> <span class='ocrx_word' id='word_1_206' title='bbox 494 1251 620 1282; x_wconf 85' lang='lat' dir='ltr'>genera,</span> <span class='ocrx_word' id='word_1_207' title='bbox 639 1241 804 1282; x_wconf 85' lang='grc' dir='ltr'><strong><em>αὐστηρόν</em></strong></span> <span class='ocrx_word' id='word_1_208' title='bbox 824 1242 856 1272; x_wconf 85' lang='lat' dir='ltr'>et</span> <span class='ocrx_word' id='word_1_209' title='bbox 874 1241 1064 1282; x_wconf 73' lang='grc' dir='ltr'><strong><em>γλαφυρόν,</em></strong></span> <span class='ocrx_word' id='word_1_210' title='bbox 1084 1240 1290 1272; x_wconf 87' lang='lat' dir='ltr'>describenda</span> <span class='ocrx_word' id='word_1_211' title='bbox 1308 1241 1442 1273; x_wconf 82' lang='lat' dir='ltr'>facilius.</span> 
     </span>
     <span class='ocr_line' id='line_1_22' title="bbox 124 1293 1438 1336; baseline 0 -10"><span class='ocrx_word' id='word_1_212' title='bbox 124 1294 174 1326; x_wconf 84' lang='lat' dir='ltr'>uti</span> <span class='ocrx_word' id='word_1_213' title='bbox 199 1294 307 1336; x_wconf 84' lang='lat' dir='ltr'>potuit</span> <span class='ocrx_word' id='word_1_214' title='bbox 331 1293 477 1335; x_wconf 86' lang='lat' dir='ltr'>exemplo</span> <span class='ocrx_word' id='word_1_215' title='bbox 501 1304 653 1336; x_wconf 82' lang='lat' dir='ltr'>generum</span> <span class='ocrx_word' id='word_1_216' title='bbox 680 1293 814 1326; x_wconf 81' lang='lat' dir='ltr'>dicendi.</span> <span class='ocrx_word' id='word_1_217' title='bbox 850 1293 963 1335; x_wconf 85' lang='lat' dir='ltr'>Itaque</span> <span class='ocrx_word' id='word_1_218' title='bbox 984 1294 1021 1325; x_wconf 91' lang='lat' dir='ltr'>de</span> <span class='ocrx_word' id='word_1_219' title='bbox 1045 1294 1085 1325; x_wconf 86' lang='lat' dir='ltr'>iis</span> <span class='ocrx_word' id='word_1_220' title='bbox 1109 1294 1240 1325; x_wconf 87' lang='lat' dir='ltr'>uberior</span> <span class='ocrx_word' id='word_1_221' title='bbox 1259 1296 1308 1325; x_wconf 85' lang='lat' dir='ltr'>est</span> <span class='ocrx_word' id='word_1_222' title='bbox 1328 1294 1438 1335; x_wconf 89' lang='lat' dir='ltr'>dispu-</span> 
     </span>
     <span class='ocr_line' id='line_1_23' title="bbox 125 1347 1438 1389; baseline 0 -10"><span class='ocrx_word' id='word_1_223' title='bbox 125 1347 216 1389; x_wconf 80' lang='lat' dir='ltr'><strong>tatio,</strong></span> <span class='ocrx_word' id='word_1_224' title='bbox 235 1347 375 1379; x_wconf 86' lang='lat' dir='ltr'>medium</span> <span class='ocrx_word' id='word_1_225' title='bbox 394 1349 501 1378; x_wconf 86' lang='lat' dir='ltr'>autem</span> <span class='ocrx_word' id='word_1_226' title='bbox 521 1357 632 1389; x_wconf 81' lang='lat' dir='ltr'>genus,</span> <span class='ocrx_word' id='word_1_227' title='bbox 650 1347 702 1378; x_wconf 78' lang='lat' dir='ltr'>oui</span> <span class='ocrx_word' id='word_1_228' title='bbox 720 1347 897 1388; x_wconf 82' lang='lat' dir='ltr'>Dionysius</span> <span class='ocrx_word' id='word_1_229' title='bbox 915 1347 1056 1388; x_wconf 82' lang='lat' dir='ltr'>palmam</span> <span class='ocrx_word' id='word_1_230' title='bbox 1077 1347 1139 1387; x_wconf 83' lang='lat' dir='ltr'>dat,</span> <span class='ocrx_word' id='word_1_231' title='bbox 1159 1350 1194 1378; x_wconf 90' lang='lat' dir='ltr'>ut</span> <span class='ocrx_word' id='word_1_232' title='bbox 1214 1348 1300 1388; x_wconf 91' lang='lat' dir='ltr'>quod</span> <span class='ocrx_word' id='word_1_233' title='bbox 1319 1348 1438 1379; x_wconf 87' lang='lat' dir='ltr'>utrius-</span> 
     </span>
     <span class='ocr_line' id='line_1_24' title="bbox 127 1399 1440 1442; baseline 0.001 -11"><span class='ocrx_word' id='word_1_234' title='bbox 127 1411 189 1441; x_wconf 88' lang='lat' dir='ltr'>que</span> <span class='ocrx_word' id='word_1_235' title='bbox 211 1400 338 1442; x_wconf 86' lang='lat' dir='ltr'>generis</span> <span class='ocrx_word' id='word_1_236' title='bbox 361 1400 497 1431; x_wconf 84' lang='lat' dir='ltr'>virtutes</span> <span class='ocrx_word' id='word_1_237' title='bbox 526 1399 789 1441; x_wconf 81' lang='lat' dir='ltr'>comprehendat,</span> <span class='ocrx_word' id='word_1_238' title='bbox 818 1411 856 1431; x_wconf 86' lang='lat' dir='ltr'>ex</span> <span class='ocrx_word' id='word_1_239' title='bbox 879 1400 1167 1441; x_wconf 80' lang='lat' dir='ltr'>Peripateticorum</span> <span class='ocrx_word' id='word_1_240' title='bbox 1188 1400 1326 1441; x_wconf 80' lang='lat' dir='ltr'>‘medio&#39;‚</span> <span class='ocrx_word' id='word_1_241' title='bbox 1350 1401 1440 1441; x_wconf 89' lang='lat' dir='ltr'>quod</span> 
     </span>
     <span class='ocr_line' id='line_1_25' title="bbox 126 1453 1439 1495; baseline 0.001 -10"><span class='ocrx_word' id='word_1_242' title='bbox 126 1464 236 1485; x_wconf 89' lang='lat' dir='ltr'>verum</span> <span class='ocrx_word' id='word_1_243' title='bbox 255 1454 287 1484; x_wconf 89' lang='lat' dir='ltr'>et</span> <span class='ocrx_word' id='word_1_244' title='bbox 307 1453 465 1494; x_wconf 85' lang='lat' dir='ltr'>optimum</span> <span class='ocrx_word' id='word_1_245' title='bbox 485 1455 534 1484; x_wconf 86' lang='lat' dir='ltr'>est</span> <span class='ocrx_word' id='word_1_246' title='bbox 553 1453 637 1484; x_wconf 87' lang='lat' dir='ltr'>inter</span> <span class='ocrx_word' id='word_1_247' title='bbox 662 1454 819 1484; x_wconf 82' lang='lat' dir='ltr'>extremas</span> <span class='ocrx_word' id='word_1_248' title='bbox 844 1455 950 1493; x_wconf 81' lang='lat' dir='ltr'>partes</span> <span class='ocrx_word' id='word_1_249' title='bbox 974 1464 1032 1494; x_wconf 90' lang='lat' dir='ltr'>per</span> <span class='ocrx_word' id='word_1_250' title='bbox 1058 1464 1091 1484; x_wconf 83' lang='lat' dir='ltr'>se</span> <span class='ocrx_word' id='word_1_251' title='bbox 1119 1453 1301 1495; x_wconf 83' lang='lat' dir='ltr'>fugiendas,</span> <span class='ocrx_word' id='word_1_252' title='bbox 1330 1456 1439 1486; x_wconf 85' lang='lat' dir='ltr'>ortum</span> 
     </span>
     <span class='ocr_line' id='line_1_26' title="bbox 127 1505 1439 1547; baseline 0 -9"><span class='ocrx_word' id='word_1_253' title='bbox 127 1517 196 1538; x_wconf 87' lang='lat' dir='ltr'>esse</span> <span class='ocrx_word' id='word_1_254' title='bbox 209 1511 304 1538; x_wconf 87' lang='lat' dir='ltr'>nemo</span> <span class='ocrx_word' id='word_1_255' title='bbox 319 1517 383 1537; x_wconf 90' lang='lat' dir='ltr'>non</span> <span class='ocrx_word' id='word_1_256' title='bbox 394 1506 489 1537; x_wconf 86' lang='lat' dir='ltr'>videt.</span> <span class='ocrx_word' id='word_1_257' title='bbox 509 1505 643 1547; x_wconf 86' lang='lat' dir='ltr'>Insuper</span> <span class='ocrx_word' id='word_1_258' title='bbox 657 1505 766 1537; x_wconf 91' lang='lat' dir='ltr'>rhetor</span> <span class='ocrx_word' id='word_1_259' title='bbox 781 1517 834 1537; x_wconf 89' lang='lat' dir='ltr'>eos</span> <span class='ocrx_word' id='word_1_260' title='bbox 853 1506 989 1538; x_wconf 86' lang='lat' dir='ltr'>advocat</span> <span class='ocrx_word' id='word_1_261' title='bbox 1007 1508 1151 1538; x_wconf 82' lang='lat' dir='ltr'>auctores</span> <span class='ocrx_word' id='word_1_262' title='bbox 1165 1508 1203 1546; x_wconf 89' lang='lat' dir='ltr'>(c.</span> <span class='ocrx_word' id='word_1_263' title='bbox 1214 1506 1257 1537; x_wconf 76' lang='lat'>24</span> <span class='ocrx_word' id='word_1_264' title='bbox 1271 1518 1301 1547; x_wconf 90' lang='lat' dir='ltr'>p.</span> <span class='ocrx_word' id='word_1_265' title='bbox 1315 1506 1377 1538; x_wconf 87' lang='lat'>186</span> <span class='ocrx_word' id='word_1_266' title='bbox 1384 1507 1439 1547; x_wconf 82' lang='lat' dir='ltr'>R).</span> 
     </span>
     <span class='ocr_line' id='line_1_27' title="bbox 127 1558 1444 1601; baseline 0.001 -11"><span class='ocrx_word' id='word_1_267' title='bbox 127 1558 216 1591; x_wconf 87' lang='lat' dir='ltr'>Haec</span> <span class='ocrx_word' id='word_1_268' title='bbox 235 1560 341 1590; x_wconf 84' lang='lat' dir='ltr'>autem</span> <span class='ocrx_word' id='word_1_269' title='bbox 365 1559 504 1599; x_wconf 78' lang='grc' dir='ltr'><strong><em>μεσότης</em></strong></span> <span class='ocrx_word' id='word_1_270' title='bbox 527 1569 729 1600; x_wconf 81' lang='lat' dir='ltr'>nequaquam</span> <span class='ocrx_word' id='word_1_271' title='bbox 754 1561 823 1590; x_wconf 88' lang='lat' dir='ltr'>erat</span> <span class='ocrx_word' id='word_1_272' title='bbox 847 1570 948 1601; x_wconf 83' lang='lat' dir='ltr'>genus</span> <span class='ocrx_word' id='word_1_273' title='bbox 979 1560 1138 1601; x_wconf 80' lang='lat' dir='ltr'>quoddam</span> <span class='ocrx_word' id='word_1_274' title='bbox 1168 1559 1306 1601; x_wconf 85' lang='lat' dir='ltr'>dicendi,</span> <span class='ocrx_word' id='word_1_275' title='bbox 1334 1571 1444 1601; x_wconf 80' lang='lat' dir='ltr'>neque</span> 
     </span>
     <span class='ocr_line' id='line_1_28' title="bbox 127 1611 1445 1655; baseline 0.002 -12"><span class='ocrx_word' id='word_1_276' title='bbox 127 1611 225 1643; x_wconf 83' lang='lat' dir='ltr'>habet</span> <span class='ocrx_word' id='word_1_277' title='bbox 245 1611 429 1653; x_wconf 85' lang='lat' dir='ltr'>Dionysius,</span> <span class='ocrx_word' id='word_1_278' title='bbox 449 1612 610 1653; x_wconf 89' lang='lat' dir='ltr'>quomodo</span> <span class='ocrx_word' id='word_1_279' title='bbox 630 1613 721 1644; x_wconf 82' lang='lat' dir='ltr'>illum</span> <span class='ocrx_word' id='word_1_280' title='bbox 741 1617 929 1654; x_wconf 80' lang='grc' dir='ltr'><strong><em>χαρακτῆρα</em></strong></span> <span class='ocrx_word' id='word_1_281' title='bbox 948 1613 1121 1644; x_wconf 83' lang='lat' dir='ltr'>describat:</span> <span class='ocrx_word' id='word_1_282' title='bbox 1142 1618 1250 1655; x_wconf 85' lang='grc' dir='ltr'><strong><em>σχῆμα</em></strong></span> <span class='ocrx_word' id='word_1_283' title='bbox 1268 1611 1329 1654; x_wconf 75' lang='grc' dir='ltr'>μὲν</span> <span class='ocrx_word' id='word_1_284' title='bbox 1348 1613 1445 1645; x_wconf 78' lang='grc' dir='ltr'><strong><em>ἰ’διον</em></strong></span> 
     </span>
    </p>
   </div>
   <div class='ocr_carea' id='block_1_3' title="bbox 127 1663 1439 1762">
    <p class='ocr_par' dir='ltr' id='par_1_4' title="bbox 127 1663 1439 1760">
     <span class='ocr_line' id='line_1_29' title="bbox 128 1663 1439 1708; baseline 0.002 -12"><span class='ocrx_word' id='word_1_285' title='bbox 128 1663 261 1697; x_wconf 79' lang='grc' dir='ltr'><strong><em>οὐδεν”</em></strong></span> <span class='ocrx_word' id='word_1_286' title='bbox 244 1677 310 1707; x_wconf 75' lang='grc' dir='ltr'><strong><em>εχει</em></strong></span> <span class='ocrx_word' id='word_1_287' title='bbox 318 1664 355 1708; x_wconf 80' lang='lat'>¹),</span> <span class='ocrx_word' id='word_1_288' title='bbox 373 1665 564 1706; x_wconf 81' lang='grc' dir='ltr'><strong><em>κεκέρασται</em></strong></span> <span class='ocrx_word' id='word_1_289' title='bbox 581 1665 620 1697; x_wconf 81' lang='grc' dir='ltr'><em>δέ</em></span> <span class='ocrx_word' id='word_1_290' title='bbox 631 1677 699 1703; x_wconf 85' lang='grc' dir='ltr'>πως</span> <span class='ocrx_word' id='word_1_291' title='bbox 707 1664 731 1708; x_wconf 75' lang='lat'>²)</span> <span class='ocrx_word' id='word_1_292' title='bbox 748 1664 779 1703; x_wconf 81' lang='grc' dir='ltr'>ἐξ</span> <span class='ocrx_word' id='word_1_293' title='bbox 800 1665 937 1697; x_wconf 80' lang='grc' dir='ltr'><strong><em>ἐκείνων</em></strong></span> <span class='ocrx_word' id='word_1_294' title='bbox 951 1666 1122 1708; x_wconf 60' lang='grc' dir='ltr'><strong><em>μετρίωςῧ)</em></strong></span> <span class='ocrx_word' id='word_1_295' title='bbox 1139 1667 1193 1698; x_wconf 80' lang='grc' dir='ltr'>καὶ</span> <span class='ocrx_word' id='word_1_296' title='bbox 1208 1668 1299 1698; x_wconf 78' lang='grc' dir='ltr'><strong><em>ἐστιν</em></strong></span> <span class='ocrx_word' id='word_1_297' title='bbox 1318 1665 1439 1708; x_wconf 79' lang='grc' dir='ltr'><strong><em>ἐκλογή</em></strong></span> 
     </span>
     <span class='ocr_line' id='line_1_30' title="bbox 127 1718 687 1762; baseline 0 -12"><span class='ocrx_word' id='word_1_298' title='bbox 127 1730 176 1756; x_wconf 84' lang='grc' dir='ltr'><strong><em>τις</em></strong></span> <span class='ocrx_word' id='word_1_299' title='bbox 195 1724 262 1750; x_wconf 86' lang='grc' dir='ltr'>τῶν</span> <span class='ocrx_word' id='word_1_300' title='bbox 281 1718 318 1750; x_wconf 81' lang='grc' dir='ltr'><strong><em>ἐν</em></strong></span> <span class='ocrx_word' id='word_1_301' title='bbox 336 1718 476 1762; x_wconf 75' lang='grc' dir='ltr'><strong><em>ἐκατέρῳ</em></strong></span> <span class='ocrx_word' id='word_1_302' title='bbox 495 1720 687 1760; x_wconf 84' lang='grc' dir='ltr'><strong><em>κρατίστων.</em></strong></span> 
     </span>
    </p>
   </div>
   <div class='ocr_carea' id='block_1_4' title="bbox 127 1773 342 1776">
    <p class='ocr_par' dir='ltr' id='par_1_5' title="bbox 127 1773 342 1776">
     <span class='ocr_line' id='line_1_31' title="bbox 127 1773 342 1776; baseline 0 0"><span class='ocrx_word' id='word_1_303' title='bbox 127 1773 342 1776; x_wconf 95' lang='lat' dir='ltr'> </span> 
     </span>
    </p>
   </div>
   <div class='ocr_carea' id='block_1_5' title="bbox 129 1792 1447 2268">
    <p class='ocr_par' dir='ltr' id='par_1_6' title="bbox 129 1792 1443 1987">
     <span class='ocr_line' id='line_1_32' title="bbox 218 1792 1439 1828; baseline 0.002 -10"><span class='ocrx_word' id='word_1_304' title='bbox 218 1794 243 1825; x_wconf 85' lang='grc'>1)</span> <span class='ocrx_word' id='word_1_305' title='bbox 264 1792 303 1818; x_wconf 84' lang='lat' dir='ltr'>Cf.</span> <span class='ocrx_word' id='word_1_306' title='bbox 319 1801 341 1819; x_wconf 86' lang='lat' dir='ltr'>c.</span> <span class='ocrx_word' id='word_1_307' title='bbox 358 1796 391 1819; x_wconf 79' lang='lat'>24</span> <span class='ocrx_word' id='word_1_308' title='bbox 411 1802 438 1827; x_wconf 89' lang='lat' dir='ltr'>p.</span> <span class='ocrx_word' id='word_1_309' title='bbox 455 1793 548 1819; x_wconf 82' lang='lat' dir='ltr'>186R.</span> <span class='ocrx_word' id='word_1_310' title='bbox 569 1803 594 1820; x_wconf 89' lang='grc' dir='ltr'><strong><em>οι</em></strong></span> <span class='ocrx_word' id='word_1_311' title='bbox 614 1802 642 1819; x_wconf 81' lang='grc' dir='ltr'><strong><em>τε</em></strong></span> <span class='ocrx_word' id='word_1_312' title='bbox 661 1793 829 1827; x_wconf 78' lang='grc' dir='ltr'><strong><em>χρησάμενοι</em></strong></span> <span class='ocrx_word' id='word_1_313' title='bbox 849 1794 919 1828; x_wconf 80' lang='grc' dir='ltr'><strong><em>αὐτῇ</em></strong></span> <span class='ocrx_word' id='word_1_314' title='bbox 939 1794 972 1820; x_wconf 80' lang='grc' dir='ltr'><strong><em>οὐ</em></strong></span> <span class='ocrx_word' id='word_1_315' title='bbox 992 1793 1026 1820; x_wconf 82' lang='grc' dir='ltr'><strong><em>τὰ</em></strong></span> <span class='ocrx_word' id='word_1_316' title='bbox 1045 1793 1117 1820; x_wconf 79' lang='grc' dir='ltr'><strong><em>αὐτὰ</em></strong></span> <span class='ocrx_word' id='word_1_317' title='bbox 1137 1793 1240 1825; x_wconf 78' lang='grc' dir='ltr'><strong><em>πάντες</em></strong></span> <span class='ocrx_word' id='word_1_318' title='bbox 1259 1792 1322 1820; x_wconf 71' lang='grc' dir='ltr'><strong><em>οὐδ’</em></strong></span> <span class='ocrx_word' id='word_1_319' title='bbox 1335 1793 1439 1828; x_wconf 82' lang='grc' dir='ltr'><strong><em>ὁμοίως</em></strong></span> 
     </span>
     <span class='ocr_line' id='line_1_33' title="bbox 129 1831 1437 1869; baseline 0.002 -11"><span class='ocrx_word' id='word_1_320' title='bbox 129 1832 327 1866; x_wconf 78' lang='grc' dir='ltr'><strong><em>ἐπετήδευσαν,</em></strong></span> <span class='ocrx_word' id='word_1_321' title='bbox 346 1831 405 1859; x_wconf 77' lang='grc' dir='ltr'>ἀλλ’</span> <span class='ocrx_word' id='word_1_322' title='bbox 420 1832 446 1859; x_wconf 90' lang='grc' dir='ltr'><strong><em>οἳ</em></strong></span> <span class='ocrx_word' id='word_1_323' title='bbox 466 1832 516 1865; x_wconf 80' lang='grc' dir='ltr'>μὲν</span> <span class='ocrx_word' id='word_1_324' title='bbox 535 1837 623 1859; x_wconf 83' lang='grc' dir='ltr'><strong><em>ταῦτα</em></strong></span> <span class='ocrx_word' id='word_1_325' title='bbox 641 1834 754 1866; x_wconf 80' lang='grc' dir='ltr'><strong><em>μᾶλλον,</em></strong></span> <span class='ocrx_word' id='word_1_326' title='bbox 773 1833 800 1860; x_wconf 86' lang='grc' dir='ltr'><strong><em>οἳ</em></strong></span> <span class='ocrx_word' id='word_1_327' title='bbox 819 1832 846 1859; x_wconf 74' lang='grc' dir='ltr'>δ’</span> <span class='ocrx_word' id='word_1_328' title='bbox 861 1835 963 1866; x_wconf 77' lang='grc' dir='ltr'><strong><em>ἐκεῖνα,</em></strong></span> <span class='ocrx_word' id='word_1_329' title='bbox 983 1833 1127 1861; x_wconf 77' lang='grc' dir='ltr'><strong><em>ἐπέτεινάν</em></strong></span> <span class='ocrx_word' id='word_1_330' title='bbox 1146 1844 1173 1860; x_wconf 76' lang='grc' dir='ltr'><strong><em>τε</em></strong></span> <span class='ocrx_word' id='word_1_331' title='bbox 1193 1834 1241 1860; x_wconf 81' lang='grc' dir='ltr'><strong><em>καὶ</em></strong></span> <span class='ocrx_word' id='word_1_332' title='bbox 1261 1835 1372 1869; x_wconf 84' lang='grc' dir='ltr'><strong><em>ἀνῆκαν</em></strong></span> <span class='ocrx_word' id='word_1_333' title='bbox 1391 1834 1437 1860; x_wconf 77' lang='grc' dir='ltr'>ἅλ-</span> 
     </span>
     <span class='ocr_line' id='line_1_34' title="bbox 129 1872 1438 1908; baseline 0.002 -10"><span class='ocrx_word' id='word_1_334' title='bbox 129 1873 183 1903; x_wconf 74' lang='grc' dir='ltr'>λως</span> <span class='ocrx_word' id='word_1_335' title='bbox 200 1872 277 1899; x_wconf 76' lang='grc' dir='ltr'><strong><em>ἄλλοι</em></strong></span> <span class='ocrx_word' id='word_1_336' title='bbox 294 1872 330 1899; x_wconf 82' lang='grc' dir='ltr'><strong><em>τὰ</em></strong></span> <span class='ocrx_word' id='word_1_337' title='bbox 348 1872 429 1899; x_wconf 74' lang='grc' dir='ltr'><strong><em>αὐτοὶ.</em></strong></span> <span class='ocrx_word' id='word_1_338' title='bbox 459 1872 536 1904; x_wconf 79' lang='lat' dir='ltr'>Quae</span> <span class='ocrx_word' id='word_1_339' title='bbox 556 1881 618 1899; x_wconf 86' lang='lat' dir='ltr'>cum</span> <span class='ocrx_word' id='word_1_340' title='bbox 638 1873 679 1899; x_wconf 83' lang='lat' dir='ltr'>ita</span> <span class='ocrx_word' id='word_1_341' title='bbox 699 1873 767 1905; x_wconf 85' lang='lat' dir='ltr'>sint,</span> <span class='ocrx_word' id='word_1_342' title='bbox 794 1882 849 1899; x_wconf 88' lang='lat' dir='ltr'>non</span> <span class='ocrx_word' id='word_1_343' title='bbox 874 1873 974 1899; x_wconf 89' lang='lat' dir='ltr'>mirum</span> <span class='ocrx_word' id='word_1_344' title='bbox 999 1875 1042 1900; x_wconf 81' lang='lat' dir='ltr'>est</span> <span class='ocrx_word' id='word_1_345' title='bbox 1065 1874 1193 1908; x_wconf 84' lang='lat' dir='ltr'>exempla</span> <span class='ocrx_word' id='word_1_346' title='bbox 1216 1874 1302 1900; x_wconf 87' lang='lat' dir='ltr'>medii</span> <span class='ocrx_word' id='word_1_347' title='bbox 1326 1875 1438 1908; x_wconf 84' lang='lat' dir='ltr'>generis</span> 
     </span>
     <span class='ocr_line' id='line_1_35' title="bbox 129 1911 1443 1948; baseline 0.004 -12"><span class='ocrx_word' id='word_1_348' title='bbox 129 1911 208 1938; x_wconf 72' lang='lat' dir='ltr'>nulla</span> <span class='ocrx_word' id='word_1_349' title='bbox 225 1912 341 1939; x_wconf 68' lang='lat' dir='ltr'>tractari</span> <span class='ocrx_word' id='word_1_350' title='bbox 360 1922 385 1946; x_wconf 89' lang='lat' dir='ltr'>p.</span> <span class='ocrx_word' id='word_1_351' title='bbox 404 1915 466 1940; x_wconf 77' lang='lat'>188:</span> <span class='ocrx_word' id='word_1_352' title='bbox 486 1912 699 1947; x_wconf 79' lang='grc' dir='ltr'><strong><em>παραδείγματα</em></strong></span> <span class='ocrx_word' id='word_1_353' title='bbox 718 1913 771 1947; x_wconf 84' lang='grc' dir='ltr'><strong><em>γὰρ</em></strong></span> <span class='ocrx_word' id='word_1_354' title='bbox 791 1913 897 1940; x_wconf 82' lang='grc' dir='ltr'><strong><em>τούτων</em></strong></span> <span class='ocrx_word' id='word_1_355' title='bbox 917 1914 967 1940; x_wconf 80' lang='grc' dir='ltr'>οὐκ</span> <span class='ocrx_word' id='word_1_356' title='bbox 987 1914 1083 1948; x_wconf 73' lang='grc' dir='ltr'><strong><em>οἴομαι</em></strong></span> <span class='ocrx_word' id='word_1_357' title='bbox 1102 1915 1162 1941; x_wconf 81' lang='grc' dir='ltr'><strong><em>δεῖν</em></strong></span> <span class='ocrx_word' id='word_1_358' title='bbox 1182 1914 1286 1948; x_wconf 80' lang='grc' dir='ltr'><strong><em>φέρειν,</em></strong></span> <span class='ocrx_word' id='word_1_359' title='bbox 1307 1919 1443 1947; x_wconf 82' lang='grc' dir='ltr'><strong><em>φανερῶν·</em></strong></span> 
     </span>
     <span class='ocr_line' id='line_1_36' title="bbox 131 1950 756 1987; baseline 0.003 -10"><span class='ocrx_word' id='word_1_360' title='bbox 131 1950 208 1977; x_wconf 83' lang='grc' dir='ltr'><strong><em>πάνυ</em></strong></span> <span class='ocrx_word' id='word_1_361' title='bbox 227 1951 315 1978; x_wconf 81' lang='grc' dir='ltr'><strong><em>ὄντων</em></strong></span> <span class='ocrx_word' id='word_1_362' title='bbox 334 1953 382 1979; x_wconf 82' lang='grc' dir='ltr'><strong><em>καὶ</em></strong></span> <span class='ocrx_word' id='word_1_363' title='bbox 401 1953 485 1980; x_wconf 74' lang='grc' dir='ltr'><strong><em>οὐδὲν</em></strong></span> <span class='ocrx_word' id='word_1_364' title='bbox 505 1952 646 1986; x_wconf 77' lang='grc' dir='ltr'><strong><em>δεομένων</em></strong></span> <span class='ocrx_word' id='word_1_365' title='bbox 665 1952 756 1987; x_wconf 83' lang='grc' dir='ltr'><strong><em>λόγου.</em></strong></span> 
     </span>
    </p>

    <p class='ocr_par' dir='ltr' id='par_1_7' title="bbox 130 1991 1443 2146">
     <span class='ocr_line' id='line_1_37' title="bbox 220 1991 1440 2028; baseline 0.002 -10"><span class='ocrx_word' id='word_1_366' title='bbox 220 1992 247 2025; x_wconf 82' lang='lat'>2)</span> <span class='ocrx_word' id='word_1_367' title='bbox 266 1991 303 2022; x_wconf 80' lang='grc' dir='ltr'>ὡς</span> <span class='ocrx_word' id='word_1_368' title='bbox 321 1992 379 2026; x_wconf 77' lang='lat' dir='ltr'>EF,</span> <span class='ocrx_word' id='word_1_369' title='bbox 397 1993 439 2019; x_wconf 71' lang='lat' dir='ltr'>ita</span> <span class='ocrx_word' id='word_1_370' title='bbox 458 1993 546 2019; x_wconf 83' lang='lat' dir='ltr'>editio</span> <span class='ocrx_word' id='word_1_371' title='bbox 565 1993 659 2019; x_wconf 83' lang='lat' dir='ltr'>U—R.</span> <span class='ocrx_word' id='word_1_372' title='bbox 689 1993 743 2020; x_wconf 85' lang='lat' dir='ltr'>Sed</span> <span class='ocrx_word' id='word_1_373' title='bbox 763 1993 837 2020; x_wconf 84' lang='lat' dir='ltr'>malo</span> <span class='ocrx_word' id='word_1_374' title='bbox 857 2002 918 2020; x_wconf 88' lang='lat' dir='ltr'>cum</span> <span class='ocrx_word' id='word_1_375' title='bbox 939 1994 1034 2026; x_wconf 73' lang='lat' dir='ltr'>PMV,</span> <span class='ocrx_word' id='word_1_376' title='bbox 1058 2002 1142 2027; x_wconf 85' lang='lat' dir='ltr'>quam</span> <span class='ocrx_word' id='word_1_377' title='bbox 1167 1994 1295 2021; x_wconf 85' lang='lat' dir='ltr'>codicum</span> <span class='ocrx_word' id='word_1_378' title='bbox 1322 1995 1440 2028; x_wconf 83' lang='lat' dir='ltr'>stirpem</span> 
     </span>
     <span class='ocr_line' id='line_1_38' title="bbox 130 2032 1443 2068; baseline 0.003 -12"><span class='ocrx_word' id='word_1_379' title='bbox 130 2039 330 2064; x_wconf 80' lang='lat' dir='ltr'>nonnunquam</span> <span class='ocrx_word' id='word_1_380' title='bbox 347 2032 432 2065; x_wconf 78' lang='lat' dir='ltr'>paulo</span> <span class='ocrx_word' id='word_1_381' title='bbox 450 2033 566 2059; x_wconf 84' lang='lat' dir='ltr'>minoris</span> <span class='ocrx_word' id='word_1_382' title='bbox 585 2041 657 2059; x_wconf 87' lang='lat' dir='ltr'>nova</span> <span class='ocrx_word' id='word_1_383' title='bbox 676 2033 762 2060; x_wconf 86' lang='lat' dir='ltr'>editio</span> <span class='ocrx_word' id='word_1_384' title='bbox 779 2033 847 2059; x_wconf 88' lang='lat' dir='ltr'><strong>mihi</strong></span> <span class='ocrx_word' id='word_1_385' title='bbox 867 2034 1030 2060; x_wconf 78' lang='lat' dir='ltr'>aestimasse</span> <span class='ocrx_word' id='word_1_386' title='bbox 1050 2034 1168 2066; x_wconf 75' lang='lat' dir='ltr'>videtur,</span> <span class='ocrx_word' id='word_1_387' title='bbox 1188 2034 1281 2068; x_wconf 79' lang='lat' dir='ltr'>legere</span> <span class='ocrx_word' id='word_1_388' title='bbox 1296 2044 1362 2067; x_wconf 79' lang='grc' dir='ltr'><strong><em>πως,</em></strong></span> <span class='ocrx_word' id='word_1_389' title='bbox 1383 2043 1443 2068; x_wconf 81' lang='lat' dir='ltr'>quo</span> 
     </span>
     <span class='ocr_line' id='line_1_39' title="bbox 131 2070 1440 2108; baseline 0.003 -12"><span class='ocrx_word' id='word_1_390' title='bbox 131 2070 266 2097; x_wconf 75' lang='lat' dir='ltr'>vocabulo</span> <span class='ocrx_word' id='word_1_391' title='bbox 293 2071 400 2098; x_wconf 80' lang='lat' dir='ltr'>incerta</span> <span class='ocrx_word' id='word_1_392' title='bbox 422 2074 451 2099; x_wconf 86' lang='lat' dir='ltr'>et</span> <span class='ocrx_word' id='word_1_393' title='bbox 475 2073 561 2099; x_wconf 82' lang='lat' dir='ltr'>dubia</span> <span class='ocrx_word' id='word_1_394' title='bbox 584 2073 671 2099; x_wconf 87' lang='lat' dir='ltr'>medii</span> <span class='ocrx_word' id='word_1_395' title='bbox 698 2073 809 2107; x_wconf 87' lang='lat' dir='ltr'>generis</span> <span class='ocrx_word' id='word_1_396' title='bbox 837 2074 909 2100; x_wconf 78' lang='lat' dir='ltr'>ratio</span> <span class='ocrx_word' id='word_1_397' title='bbox 939 2074 974 2100; x_wconf 86' lang='lat' dir='ltr'>ab</span> <span class='ocrx_word' id='word_1_398' title='bbox 1003 2074 1064 2108; x_wconf 85' lang='lat' dir='ltr'><strong>ipso</strong></span> <span class='ocrx_word' id='word_1_399' title='bbox 1093 2074 1228 2108; x_wconf 83' lang='lat' dir='ltr'><strong>Dionysio</strong></span> <span class='ocrx_word' id='word_1_400' title='bbox 1257 2074 1440 2108; x_wconf 68' lang='lat' dir='ltr'>significatur.</span> 
     </span>
     <span class='ocr_line' id='line_1_40' title="bbox 132 2110 486 2146; baseline 0.008 -10"><span class='ocrx_word' id='word_1_401' title='bbox 132 2110 295 2144; x_wconf 80' lang='lat' dir='ltr'>Respondet</span> <span class='ocrx_word' id='word_1_402' title='bbox 313 2111 411 2146; x_wconf 77' lang='grc' dir='ltr'><strong><em>ἐκλογή</em></strong></span> <span class='ocrx_word' id='word_1_403' title='bbox 429 2122 486 2143; x_wconf 79' lang='grc' dir='ltr'><strong><em>τις.</em></strong></span> 
     </span>
    </p>

    <p class='ocr_par' dir='ltr' id='par_1_8' title="bbox 132 2150 1447 2268">
     <span class='ocr_line' id='line_1_41' title="bbox 221 2150 1447 2188; baseline 0.002 -11"><span class='ocrx_word' id='word_1_404' title='bbox 221 2153 247 2184; x_wconf 87' lang='grc'>3)</span> <span class='ocrx_word' id='word_1_405' title='bbox 266 2151 326 2177; x_wconf 84' lang='lat' dir='ltr'>Hoc</span> <span class='ocrx_word' id='word_1_406' title='bbox 340 2150 402 2178; x_wconf 88' lang='lat' dir='ltr'><strong>loco</strong></span> <span class='ocrx_word' id='word_1_407' title='bbox 417 2151 486 2178; x_wconf 75' lang='lat' dir='ltr'>duas</span> <span class='ocrx_word' id='word_1_408' title='bbox 501 2153 664 2185; x_wconf 80' lang='lat' dir='ltr'>sententias,</span> <span class='ocrx_word' id='word_1_409' title='bbox 674 2153 755 2186; x_wconf 86' lang='lat' dir='ltr'>quasi</span> <span class='ocrx_word' id='word_1_410' title='bbox 770 2153 895 2180; x_wconf 85' lang='lat' dir='ltr'>eiusdem</span> <span class='ocrx_word' id='word_1_411' title='bbox 905 2154 1023 2180; x_wconf 85' lang='lat' dir='ltr'>rationis</span> <span class='ocrx_word' id='word_1_412' title='bbox 1034 2155 1135 2187; x_wconf 71' lang='lat' dir='ltr'>essent,</span> <span class='ocrx_word' id='word_1_413' title='bbox 1147 2154 1312 2188; x_wconf 85' lang='lat' dir='ltr'>composuit.</span> <span class='ocrx_word' id='word_1_414' title='bbox 1332 2154 1447 2181; x_wconf 85' lang='lat' dir='ltr'>Revera.</span> 
     </span>
     <span class='ocr_line' id='line_1_42' title="bbox 132 2190 1445 2228; baseline 0.003 -12"><span class='ocrx_word' id='word_1_415' title='bbox 132 2190 222 2217; x_wconf 78' lang='lat' dir='ltr'>altera</span> <span class='ocrx_word' id='word_1_416' title='bbox 249 2190 398 2225; x_wconf 78' lang='lat' dir='ltr'>impugnat</span> <span class='ocrx_word' id='word_1_417' title='bbox 421 2191 511 2218; x_wconf 79' lang='lat' dir='ltr'>alteri.</span> <span class='ocrx_word' id='word_1_418' title='bbox 538 2192 610 2219; x_wconf 60' lang='lat' dir='ltr'>Nam</span> <span class='ocrx_word' id='word_1_419' title='bbox 634 2201 738 2227; x_wconf 83' lang='lat' dir='ltr'>genera</span> <span class='ocrx_word' id='word_1_420' title='bbox 763 2195 888 2220; x_wconf 78' lang='lat' dir='ltr'>extrema</span> <span class='ocrx_word' id='word_1_421' title='bbox 912 2195 961 2220; x_wconf 81' lang='lat' dir='ltr'>aut</span> <span class='ocrx_word' id='word_1_422' title='bbox 983 2194 1144 2227; x_wconf 72' lang='lat' dir='ltr'>miscentur,</span> <span class='ocrx_word' id='word_1_423' title='bbox 1172 2195 1204 2220; x_wconf 85' lang='lat' dir='ltr'>ut</span> <span class='ocrx_word' id='word_1_424' title='bbox 1229 2202 1332 2220; x_wconf 89' lang='lat' dir='ltr'>novum</span> <span class='ocrx_word' id='word_1_425' title='bbox 1351 2203 1445 2228; x_wconf 21' lang='lat' dir='ltr'>genus.</span> 
     </span>
     <span class='ocr_line' id='line_1_43' title="bbox 132 2230 1440 2268; baseline 0.003 -12"><span class='ocrx_word' id='word_1_426' title='bbox 132 2230 257 2256; x_wconf 84' lang='lat' dir='ltr'>medium</span> <span class='ocrx_word' id='word_1_427' title='bbox 281 2231 395 2264; x_wconf 81' lang='lat' dir='ltr'>oriatur,</span> <span class='ocrx_word' id='word_1_428' title='bbox 422 2233 471 2257; x_wconf 85' lang='lat' dir='ltr'>aut</span> <span class='ocrx_word' id='word_1_429' title='bbox 494 2240 527 2258; x_wconf 82' lang='lat' dir='ltr'>ex</span> <span class='ocrx_word' id='word_1_430' title='bbox 550 2233 668 2266; x_wconf 85' lang='lat' dir='ltr'>utroque</span> <span class='ocrx_word' id='word_1_431' title='bbox 692 2233 801 2267; x_wconf 85' lang='lat' dir='ltr'>optima</span> <span class='ocrx_word' id='word_1_432' title='bbox 828 2241 956 2267; x_wconf 88' lang='lat' dir='ltr'>quaeque</span> <span class='ocrx_word' id='word_1_433' title='bbox 975 2233 1119 2267; x_wconf 85' lang='lat' dir='ltr'>eliguntur</span> <span class='ocrx_word' id='word_1_434' title='bbox 1142 2234 1186 2268; x_wconf 79' lang='lat' dir='ltr'>(cf.</span> <span class='ocrx_word' id='word_1_435' title='bbox 1202 2242 1224 2260; x_wconf 91' lang='lat' dir='ltr'>c.</span> <span class='ocrx_word' id='word_1_436' title='bbox 1241 2237 1273 2260; x_wconf 78' lang='lat'>21</span> <span class='ocrx_word' id='word_1_437' title='bbox 1293 2243 1320 2268; x_wconf 93' lang='lat' dir='ltr'>p.</span> <span class='ocrx_word' id='word_1_438' title='bbox 1339 2235 1440 2268; x_wconf 79' lang='lat' dir='ltr'>146R).</span> 
     </span>
    </p>
   </div>
   <div class='ocr_carea' id='block_1_6' title="bbox 131 2270 1445 2345">
    <p class='ocr_par' dir='ltr' id='par_1_9' title="bbox 131 2270 1445 2345">
     <span class='ocr_line' id='line_1_44' title="bbox 131 2270 1445 2308; baseline 0.004 -13"><span class='ocrx_word' id='word_1_439' title='bbox 131 2270 253 2296; x_wconf 86' lang='lat' dir='ltr'>Addidit</span> <span class='ocrx_word' id='word_1_440' title='bbox 272 2271 366 2297; x_wconf 81' lang='lat' dir='ltr'>autem</span> <span class='ocrx_word' id='word_1_441' title='bbox 386 2271 551 2298; x_wconf 71' lang='lat' dir='ltr'>vocabulum</span> <span class='ocrx_word' id='word_1_442' title='bbox 570 2271 693 2305; x_wconf 68' lang='grc' dir='ltr'><strong><em>μετρίως,</em></strong></span> <span class='ocrx_word' id='word_1_443' title='bbox 711 2274 744 2298; x_wconf 87' lang='lat' dir='ltr'>ut</span> <span class='ocrx_word' id='word_1_444' title='bbox 763 2272 895 2307; x_wconf 79' lang='lat' dir='ltr'>deinceps</span> <span class='ocrx_word' id='word_1_445' title='bbox 914 2273 1129 2307; x_wconf 78' lang='lat' dir='ltr'>peripateticam</span> <span class='ocrx_word' id='word_1_446' title='bbox 1149 2272 1284 2308; x_wconf 77' lang='grc' dir='ltr'><strong><em>μεσότητα</em></strong></span> <span class='ocrx_word' id='word_1_447' title='bbox 1305 2282 1368 2300; x_wconf 86' lang='lat' dir='ltr'>cum</span> <span class='ocrx_word' id='word_1_448' title='bbox 1387 2274 1445 2300; x_wconf 88' lang='lat' dir='ltr'>hoc-</span> 
     </span>
     <span class='ocr_line' id='line_1_45' title="bbox 132 2309 653 2345; baseline 0.004 -9"><span class='ocrx_word' id='word_1_449' title='bbox 132 2309 226 2337; x_wconf 89' lang='lat' dir='ltr'>medio</span> <span class='ocrx_word' id='word_1_450' title='bbox 245 2318 346 2344; x_wconf 84' lang='lat' dir='ltr'>genere</span> <span class='ocrx_word' id='word_1_451' title='bbox 365 2311 533 2345; x_wconf 87' lang='lat' dir='ltr'>coniungere</span> <span class='ocrx_word' id='word_1_452' title='bbox 552 2313 653 2345; x_wconf 85' lang='lat' dir='ltr'>posset.</span> 
     </span>
    </p>
   </div>
  </div>
 </body>
</html>
