1566 2592
494 144 535 170 De
554 144 741 177 Theophrasti
760 143 868 169 ratione
888 143 1029 169 virtutum.
1371 141 1411 173 27

109 229 164 261 des
183 226 404 268 Theophrasto
424 236 533 257 omnes
557 225 753 266 tribuerunt,
776 224 830 256 sed
849 224 1065 265 Porphyrium
1091 224 1193 256 secuti
1216 226 1342 264 praeter
1361 234 1412 255 eas
1462 257 1463 262 ¹

110 281 288 323 complures
299 279 394 311 etiam
405 279 483 310 alias
493 278 558 310 11118
569 280 721 319 quattuor
735 277 849 309 addere
859 277 1039 308 voluerunt,
1068 276 1118 308 Ita
1134 277 1262 318 quidem
1274 277 1312 308 H.
1325 277 1413 308 Rabe
1461 295 1467 309 1,

109 336 178 379 (1.1.
193 332 290 377 p.42)
321 343 516 374 quamquam
545 332 634 363 falsis
661 331 859 373 argumentis
887 342 903 362 e
931 331 1035 362 tribus
1062 331 1233 372 generibus
1260 330 1414 371 quaesitis

109 390 219 426 utitur,
245 389 350 418 tamen
375 387 461 417 recte
487 385 645 416 concedit:
672 384 811 426 „Aperte
835 384 936 426 igitur
959 386 1112 424 quattuor
1135 384 1270 415 virtutes
1290 395 1308 415 a
1328 383 1413 415 Cice-

108 453 186 475 rone
203 442 317 473 allatae
337 438 577 480 Theophasteae
597 440 671 470 sunt
691 438 827 469 omnes“.
857 436 918 468 Sed
938 439 974 468 ut
993 437 1206 468 differentiam
1233 437 1316 468 inter
1335 437 1414 468 Por-

107 494 258 538 phyrium
277 495 309 524 et
329 492 514 524 Ciceronem
533 491 680 533 explicet,
699 502 827 522 omnem
847 491 1060 522 elocutionem
1080 491 1114 521 in
1133 489 1273 531 ἐκλογήν
1287 493 1319 522 et
1334 491 1413 522 σύν-

107 552 205 581 θεσιν
224 547 396 588 ὀνομάτων
415 545 552 587 partitus
568 545 702 576 virtutes
721 544 897 576 maioribus
912 544 963 575 his
982 543 1129 585 partibus
1149 544 1266 575 subicit
1282 546 1313 575 et
1328 544 1413 586 apud

106 600 321 642 Porphyrium
341 598 542 641 singulorum
562 598 732 630 verborum
747 598 880 629 virtutes
901 597 963 628 sibi
978 591 1105 629 videtur
1123 597 1310 638 repperisse,
1330 597 1414 638 apud

105 654 249 687 Tullium
269 652 522 685 coniunctorum.
551 651 643 689 Quod
657 662 721 683 non
741 651 847 683 minus
862 662 881 682 a
896 650 1057 682 Ciceronis
1076 650 1221 692 consilio,
1242 651 1334 692 quale
1354 661 1412 682 nos

107 718 204 749 supra
223 706 442 749 cognovimus,
462 705 620 746 abhorret,
641 716 736 746 quam
757 705 842 746 quod
862 704 1014 745 opinatur
1033 715 1098 735 non
1117 714 1227 736 omnes
1247 704 1285 735 ab
1301 715 1337 735 eo
1354 704 1415 735 vir-

106 763 194 798 tutes
213 760 454 791 coniunctorum
474 758 644 790 verborum
664 769 703 790 ex
722 757 945 799 Theophrasto
965 757 1071 788 afferri
1091 756 1124 799 (l.
1140 757 1159 789 1.
1179 769 1209 799 p.
1224 757 1291 800 43).
1321 757 1414 790 Simi-

107 815 182 847 liter
201 814 427 854 interpretatus
446 814 494 843 est
509 811 686 843 Guilelmus
703 811 843 852 Schmid,
863 811 924 842 etsi
942 811 1066 842 diverso
1086 811 1215 842 nomine
1235 812 1335 843 ἰδεῶν
1353 812 1415 843 uti-

107 870 175 899 tur:
189 864 409 907 „Theophrast
423 864 627 896 unterschied
642 864 839 895 mindestens
854 865 922 895 vier
937 863 1022 896 ἰδέαι
1038 863 1202 902 λέξεως-
1214 864 1274 896 (13Β
1290 876 1322 896 08
1337 865 1414 897 bloss

108 921 176 952 vier
195 929 339 960 gewesen
359 918 453 958 seien,
473 918 559 949 kann
577 918 681 949 weder
699 928 756 948 aus
773 917 892 957 Cicero,
913 917 968 948 der
987 918 1047 948 mit
1066 917 1138 949 dem
1159 920 1308 959 quartum
1325 918 1414 950 nicht

107 974 160 1005 die
178 972 273 1004 letzte
291 971 449 1004 Nummer
472 971 614 1013 gemeint
635 982 673 1002 zu
697 971 803 1002 haben
826 969 1008 1012 braucht1),
1032 971 1115 1002 noch
1140 982 1196 1002 aus
1217 970 1414 1012 Simplicius,

108 1027 165 1058 der
183 1024 334 1057 keinerlei
354 1024 511 1056 Interesse
530 1024 596 1066 hat,
614 1024 764 1055 hieriiber
782 1024 978 1066 vollstandig
993 1035 1031 1055 zu
1051 1024 1118 1055 sein
1134 1023 1209 1067 (wie
1229 1024 1313 1056 denn
1332 1025 1414 1057 311011

107 1079 158 1111 die
177 1078 388 1120 Reihenfolge
408 1077 464 1109 der
483 1077 567 1109 ἰδέαι
587 1077 637 1109 bei
657 1077 724 1108 ihm
750 1077 840 1108 nicht
864 1077 923 1108 mit
947 1077 1003 1109 der
1021 1088 1084 1109 von
1105 1077 1214 1110 Cicero
1239 1078 1415 1120 bezeugten

106 1132 377 1174 iibereinstimmt‚
396 1131 463 1162 also
483 1141 657 1173 ungenau
677 1130 939 1172 wiedergegeben
958 1130 1015 1173 ist)
1039 1130 1247 1173 geschlossen
1270 1132 1415 1163 werden“

106 1185 183 1229 (Rh.
197 1185 278 1216 Mus.
293 1184 345 1226 49,
356 1183 442 1226 145).
472 1183 541 1221 Qua
556 1184 589 1215 in
604 1185 761 1216 sententia
775 1187 812 1215 ut
827 1183 1027 1215 Schmidium
1042 1195 1262 1225 perseverasse
1279 1185 1415 1226 credam,

107 1239 246 1271 maxime
265 1237 405 1269 adducor
423 1237 574 1278 discipuli
588 1237 666 1279 eius,
685 1237 848 1269 Francisci
863 1236 988 1278 Nassal,
1007 1237 1118 1269 libello
1138 1238 1193 1279 qui
1213 1239 1414 1270 inscribitur:

106 1285 519 1325 A'sthetisch—Rhetorische
538 1290 765 1333 Beziehungen
785 1290 942 1322 zwischen
962 1290 1136 1333 Dionysius
1156 1291 1196 1323 H.
1216 1292 1282 1323 und
1302 1292 1413 1324 Cicero
1437 1297 1463 1307 ‘²

105 1345 252 1389 (Dissert.
268 1343 438 1386 Tiibingen
454 1343 563 1386 1910).
592 1344 655 1376 Hic
675 1344 759 1376 enim
779 1345 865 1376 ideas
880 1344 925 1375 ita
938 1344 1014 1385 fere,
1030 1347 1067 1376 ut
1083 1344 1274 1386 Schmidius,
1291 1346 1414 1386 profert

105 1398 174 1441 (1.1.
189 1409 220 1439 p.
237 1397 302 1439 70).
330 1397 442 1430 Novus
462 1397 599 1439 denique
618 1397 722 1429 editor
745 1397 1013 1439 fragmentorum,
1033 1397 1195 1440 Mayerus,
1221 1409 1292 1430 cum
1318 1399 1413 1431 unde-

106 1452 169 1484 cim
189 1450 278 1489 ἰδέας
296 1450 551 1492 Theophrasteas
567 1461 638 1482 cum
655 1450 828 1482 virtutibus
847 1451 995 1482 confusas
1016 1454 1215 1483 enumeraret
1235 1451 1278 1494 (p.
1297 1452 1414 1495 16sq.),

106 1515 223 1537 nomen
243 1506 275 1536 et
293 1514 456 1545 numeros,
477 1514 557 1544 quos
575 1503 701 1535 Tullius
721 1504 755 1535 in
775 1503 908 1535 Oratore
928 1503 1001 1546 (79)
1025 1505 1147 1546 docuit,
1171 1505 1350 1547 neglexisse
1369 1507 1414 1537 vi-

107 1556 240 1600 detur.⁸)
269 1557 353 1594 Quin
368 1557 466 1588 etiam
481 1557 577 1589 verba
591 1556 740 1589 Tulliana
754 1557 939 1589 coniciendo
958 1558 1137 1599 temptavit,
1158 1569 1229 1590 cum
1250 1559 1414 1592 scriberet:

105 1611 266 1643 ‘ornatum
286 1610 380 1650 fflud,
404 1621 499 1642 suave
518 1612 550 1642 et
573 1610 688 1642 fluens'
708 1612 740 1641 et
764 1610 796 1641 in
821 1610 1028 1643 adnotatione
1048 1612 1234 1653 explicaret:
1258 1611 1413 1653 „Codices

103 1663 259 1696 exhibent
279 1664 432 1704 ‘afluens’‚
457 1663 543 1705 quod
565 1664 771 1696 cormcimuffl
790 1663 834 1706 (p.
852 1663 916 1706 14).
945 1663 1007 1695 Sed
1030 1676 1154 1707 vereor,
1178 1668 1214 1696 ut
1233 1666 1275 1697 sit
1295 1677 1414 1699 verum.

105 1717 191 1749 Nam
209 1717 348 1758 primum
370 1717 497 1758 quidem
517 1717 642 1749 codices
661 1728 726 1748 non
750 1717 902 1749 exhibent
922 1717 1077 1759 ‘afluens’,
1096 1718 1151 1750 sed
1172 1719 1338 1751 ‘adfluens’
1358 1722 1413 1751 aut

106 1770 265 1802 ‘affluens'
295 1769 356 1812 (sic
379 1769 441 1812 L.)3
470 1770 550 1802 illud
578 1770 699 1802 afluens
728 1770 767 1802 ab
788 1770 996 1813 Heerdegeno
1026 1771 1180 1812 scriptum
1208 1775 1257 1804 est
1285 1775 1414 1805 auctore

107 1823 307 1864 Dombartio,
322 1822 378 1864 qui
397 1823 533 1856 alterum
552 1823 569 1854 f
586 1824 793 1866 grammatica
814 1824 937 1855 ratione
957 1824 1101 1856 damnari
1117 1825 1266 1857 ostendit.
1291 1826 1413 1858 Deinde

107 1878 306 1908 correcturae
325 1887 427 1917 neque
447 1887 585 1918 causam,
604 1888 662 1909 cur
680 1877 765 1909 facta
784 1888 865 1918 opus
886 1878 943 1918 sit,
962 1889 1065 1919 neque
1085 1881 1325 1920 argumentum,
1349 1890 1413 1921 quo

108 1929 269 1971 probetur,
287 1930 384 1971 addit,
402 1930 465 1962 nisi
485 1930 572 1971 quod
589 1941 649 1962 nos
669 1930 772 1962 defert
791 1931 830 1962 ad
846 1930 1014 1962 Oratorem
1033 1933 1051 1971 ξ
1066 1931 1117 1963 42.
1148 1931 1250 1969 Quem
1264 1932 1371 1963 locum
1387 1933 1414 1964 81

108 1982 142 2014 in
160 1982 354 2015 editionibus
373 1983 492 2015 nostris
518 1983 690 2025 evolveris,
709 1994 784 2015 sane
808 1984 936 2025 quidem
957 1985 995 2016 de
1018 1985 1189 2026 epidictico
1213 1996 1327 2027 genere
1351 1986 1414 2018 hoc

109 2035 263 2067 iudicium
280 2036 380 2078 leges:
400 2036 521 2078 „Dulce
540 2037 641 2079 igitur
660 2037 814 2068 orationis
834 2049 936 2079 genus
957 2040 988 2069 et
1012 2038 1153 2070 solutum
1169 2041 1197 2070 et
1209 2038 1335 2078 fluens“.
1360 2038 1414 2070 Sa-

107 2089 192 2120 tisne
210 2090 390 2130 argumenti
408 2089 470 2122 hoc
495 2090 556 2122 tibi
576 2090 703 2122 videtur
727 2101 808 2131 esse,
835 2093 871 2122 ut
899 2092 999 2123 altero
1028 2092 1100 2123 loco
1129 2092 1224 2123 etiam
1246 2091 1411 2123 ‘adfluens’

198 2190 224 2222 1)
243 2188 286 2214 Ad
305 2189 390 2215 verba¹
408 2190 540 2217 Tulliana
560 2192 658 2218 ‘unum
679 2191 771 2218 aberit
791 2192 862 2225 sqq.'
885 2192 976 2217 minus
997 2192 1126 2218 attendit.

197 2229 223 2262 2)
243 2228 373 2262 Mayerus
391 2230 521 2256 undecim
540 2230 618 2261 ἰδέας
636 2230 824 2264 Theophrasti
844 2233 996 2258 enumerat.
1026 2232 1130 2258 Multas
1150 2233 1233 2265 putat
1252 2232 1412 2259 Ciceronem

107 2267 242 2301 omisisse,
262 2269 332 2295 duas
351 2271 458 2302 autem,
478 2272 606 2297 ornatum
626 2272 654 2297 et
673 2270 854 2303 suavitatem,
875 2280 1021 2305 perperam
1040 2272 1069 2297 in
1087 2280 1172 2298 unam
1196 2272 1328 2298 virtutem
1348 2281 1412 2299 con-

106 2307 267 2341 taminasse,
286 2317 318 2335 eo
339 2309 446 2336 scilicet
464 2309 533 2343 loco,
553 2319 607 2344 quo
627 2310 735 2336 Tullius
754 2312 960 2337 enumerationi
980 2311 1061 2338 auxie
1081 2320 1193 2345 operam
1214 2311 1301 2339 dedit.
