1566 2592
145 276 158 311 Μ’

146 324 155 371 J
197 322 284 352 tutes
308 322 364 352 aut
388 321 423 352 in
445 330 562 362 genera
585 320 701 362 dividi,
729 320 784 352 sed
809 320 942 353 alteram
966 321 1123 353 rationem
1148 321 1240 354 alteri
1265 333 1333 354 esse
1356 322 1519 356 infestam.

201 131 266 163 124
769 131 861 166 Caput
879 131 950 159 VIII.

289 212 382 251 Quod
405 215 514 245 autem
538 213 578 245 ad
601 214 760 245 rationem
785 214 870 246 inter
892 214 1030 246 virtutes
1054 213 1170 253 λέξεως
1194 217 1227 246 et
1250 225 1368 257 genera
1390 216 1519 258 attinet,

198 277 310 299 omnes
330 268 428 298 testes
447 278 565 309 magna
584 277 662 298 voce
682 266 880 299 contendunt
899 267 1114 300 elocutionem
1134 269 1308 300 oratoriam
1327 271 1384 301 aut
1400 269 1434 301 in
1451 269 1516 302 vir-

198 373 346 406 Virtutes
366 374 407 405 ad
426 373 664 406 institutionem
684 376 778 406 natae
798 374 924 406 dicendi
943 374 1097 407 studiosis
1116 378 1202 407 certa
1217 378 1388 418 praecepta
1402 387 1518 418 suppe-

198 427 318 470 ditant,
339 439 458 470 genera
476 427 516 459 ad
536 427 655 460 iudicia
674 428 711 459 de
731 427 914 460 oratoribus
933 427 1064 460 ferenda
1083 439 1102 460 a
1120 429 1340 471 grammaticis
1359 430 1518 463 instructa

199 492 257 523 per
275 482 414 523 μίμησιν
433 482 466 513 in
486 481 679 513 rhetoricam
699 483 800 513 artem
821 480 936 520 λέξεως
956 483 1031 513 sunt
1050 481 1214 514 translata.

289 534 505 567 Gravissimus
525 534 563 566 de
578 532 762 569 virtutibus
775 534 967 567 elocutionis
986 535 1078 566 testis
1098 537 1147 567 est
1165 535 1280 567 tertius
1299 536 1380 568 liber
1394 536 1516 569 Tullia-

197 599 259 621 nus
289 588 337 620 De
357 587 500 620 Oratore.
537 588 616 620 Eius
645 590 753 620 autem
782 589 941 620 rationem
970 587 1244 630 Theophrasteam
1273 600 1342 621 esse
1370 588 1518 623 Oratoris

198 642 387 675 testimonio
413 642 577 683 probatur.
613 641 666 673 Ad
692 641 835 673 Tullium
864 641 1083 679 Quintilianus
1108 642 1239 674 accedit.
1275 641 1339 675 Sed
1361 642 1459 676 etiam
1482 643 1518 685 ii,

199 696 255 737 qui
275 706 410 727 numero
430 695 582 727 differunt
600 695 771 735 virtutum,
791 695 824 726 in
844 705 881 727 eo
902 695 1116 736 consentiunt,
1136 696 1223 737 quod
1241 707 1361 739 genera
1378 707 1398 728 a
1415 697 1516 730 virtu-

198 749 286 781 tibus
306 751 338 781 et
357 749 397 781 ab
417 749 616 780 instituenda
636 749 818 780 elocutione
838 750 955 781 arcent.
984 748 1034 780 Ita
1050 747 1160 781 Cicero
1180 749 1214 781 in
1228 749 1464 783 Partitionibus
1482 752 1519 789 et

198 803 234 835 in
247 803 424 844 prooemio,
444 802 531 844 quod
546 802 727 844 appellatur
743 802 781 834 de
797 803 920 844 optimo
936 813 1053 845 genere
1068 805 1242 835 oratorum.
1268 803 1377 836 Etiam
1392 802 1520 836 Auctor

199 856 240 888 ad
259 856 458 888 Herennium
484 856 620 888 virtutes
647 857 680 887 et
705 866 823 898 genera
849 855 910 887 etsi
935 867 1000 887 uno
1027 857 1191 888 volumine
1217 857 1448 899 comprehensa
1471 875 1517 881 —-

198 909 414 942 imitationem
435 909 520 941 enim
540 911 667 950 praeter
685 908 806 951 τέχνην
824 911 857 940 et
876 909 1016 950 ἄσκησιν
1036 910 1163 942 tertiam
1182 912 1307 952 partem
1326 910 1367 942 ab
1389 912 1518 944 oratore

198 963 358 1005 postulat,
384 982 423 986 —
450 965 597 995 accurate
620 965 729 994 tamen
754 965 882 1004 separat
907 965 939 995 et
962 965 1134 1005 praecepta
1157 964 1266 996 omm'a
1289 963 1323 996 in
1342 964 1518 997 virtutibus

199 1017 346 1049 collocat.
375 1016 540 1048 Mimetica
559 1017 693 1058 scripta,
718 1027 800 1058 quae
819 1017 925 1048 varios
945 1019 978 1048 et
997 1016 1178 1058 complures
1197 1019 1344 1049 auctores
1367 1017 1518 1060 probant,

169 1066 171 1075 ⁴
200 1070 376 1102 virtutibus
396 1072 541 1102 utuntur.
574 1069 745 1101 Eiusmodi
765 1071 841 1102 sunt
859 1069 1007 1111 Dionysii
1032 1070 1153 1112 scripta
1179 1071 1287 1103 omnia
1309 1073 1437 1112 praeter
1455 1070 1518 1103 De-

201 1123 404 1156 mosthenem
424 1125 457 1155 et
474 1123 594 1156 librum
614 1124 653 1155 de
671 1123 905 1165 compositione
919 1123 1100 1165 verborum,
1119 1124 1153 1155 in
1168 1123 1292 1156 Latinis
1307 1135 1384 1156 vero
1398 1124 1518 1157 litteris

200 1177 301 1210 Tullii
328 1177 480 1209 ‘Brutus’.
511 1176 631 1209 Contra
649 1177 677 1208 is
696 1176 779 1208 liber
797 1176 974 1219 Tullianus,
1001 1177 1057 1218 qui
1083 1188 1201 1219 genera
1226 1179 1357 1219 tractat,
1383 1189 1402 1210 a
1427 1189 1516 1220 prae-

199 1231 348 1273 ceptione
368 1230 484 1269 λέξεως
503 1230 555 1262 vel
574 1231 713 1262 maxime
733 1230 845 1272 distat,
865 1230 970 1262 omnis
989 1231 1030 1262 ad
1050 1232 1225 1263 certamina
1243 1231 1282 1263 de
1302 1231 1426 1273 optimo
1445 1242 1516 1264 ora-

198 1287 270 1317 tore
289 1285 467 1316 instructus
487 1287 544 1325 est,
564 1284 714 1316 similiter
732 1295 784 1316 res
803 1295 838 1316 se
856 1284 954 1316 habet
974 1285 1008 1316 in
1026 1283 1119 1317 Fabii
1138 1284 1222 1316 libro
1242 1285 1441 1327 duodecimo,
1459 1285 1517 1327 qui

201 1340 251 1370 est
273 1337 349 1380 περὶ
373 1338 521 1380 ῥήτορος.
554 1337 595 1380 Ii,
619 1338 675 1379 qui
700 1337 879 1379 simplicem
904 1337 1095 1370 elocutionis
1120 1338 1335 1371 instituendae
1358 1338 1516 1372 rationem

199 1392 240 1424 ab
265 1391 446 1423 imitatione
473 1402 658 1433 oppressam
684 1402 838 1423 renovare
864 1393 1025 1433 temptant
1049 1394 1080 1423 et
1104 1403 1221 1434 genera
1244 1403 1316 1424 cum
1340 1392 1518 1425 virtutibus

199 1446 417 1488 coniungunt,
436 1447 503 1477 tam
523 1446 655 1477 confuse
674 1445 795 1487 dicunt,
814 1447 851 1477 ut
870 1447 984 1478 cautus
1003 1445 1099 1477 iudex
1118 1456 1157 1477 ex
1176 1446 1311 1488 ancipiti
1329 1446 1518 1479 testimonio

200 1510 313 1531 verum
337 1499 504 1541 percipiat.
532 1498 584 1531 Ita
602 1498 760 1531 Demetrii
785 1499 950 1530 cuiusdam
975 1498 1049 1541 περὶ
1074 1498 1245 1540 ἑρμηνείας
1268 1499 1398 1531 libellus
1417 1511 1518 1542 χαρα-

200 1558 322 1594 κτῆρας
342 1552 486 1594 appellat
504 1555 536 1584 et
555 1564 666 1584 revera
684 1553 820 1584 virtutes
841 1552 935 1585 docet
955 1551 1115 1595 (Schmid,
1133 1552 1272 1595 Mayer),
1291 1552 1412 1594 omnia,
1435 1563 1519 1595 quae

200 1618 239 1638 ex
259 1605 485 1647 Theophrasto
509 1605 671 1646 exhibuit,
695 1608 780 1638 certe
803 1606 844 1638 ad
868 1606 1004 1638 virtutes
1023 1607 1198 1648 pertinent,
1222 1607 1268 1638 ita
1286 1606 1463 1648 Dionysius
1482 1606 1517 1639 in

200 1660 284 1691 libro
304 1660 342 1691 de
362 1660 596 1701 compositione
615 1659 788 1691 verborum
808 1660 947 1701 primum
968 1660 1126 1691 rationem
1148 1661 1281 1701 quartae
1300 1659 1518 1702 Theophrasti

200 1714 315 1745 virtuti
339 1713 477 1744 similem
502 1713 647 1755 exponit,
671 1713 784 1744 deinde
805 1724 935 1755 genera,
959 1713 1014 1745 sed
1034 1714 1134 1745 altera
1152 1714 1236 1745 ratio
1255 1714 1390 1745 alteram
1409 1723 1517 1756 super-

200 1768 299 1799 fluam
328 1767 432 1798 reddit
461 1766 583 1810 (Krollz
603 1766 663 1801 Rh,
678 1767 759 1798 Mus.
775 1766 828 1808 62,
843 1766 909 1810 92).
943 1766 1031 1798 Idem
1060 1767 1093 1799 in
1122 1767 1208 1799 libro
1237 1766 1275 1798 de
1298 1765 1518 1799 Demosthene

200 1821 321 1852 fatetur
340 1831 374 1851 se
392 1820 550 1851 virtutum
571 1820 725 1861 ordinem,
743 1822 859 1851 natura
873 1831 973 1852 unum
988 1822 1020 1851 et
1034 1830 1246 1861 communem,
1265 1820 1298 1851 in
1312 1821 1420 1861 partes
1437 1819 1518 1852 divi-

201 1875 296 1915 sisse,
324 1876 360 1905 ut
386 1873 419 1905 in
446 1884 564 1916 genera
590 1875 683 1905 antea
709 1875 847 1905 tractata
873 1876 1006 1915 possent
1029 1873 1188 1905 distribui.
1216 1873 1326 1905 Talem
1351 1874 1517 1914 διαίρεσιν

199 1928 322 1959 multos
342 1927 535 1969 probaturos
555 1937 623 1958 esse
643 1927 713 1968 ipse
733 1938 861 1969 sperare
879 1937 944 1959 non
965 1927 1068 1959 audet.

292 1980 355 2012 Sed
375 1981 492 2012 dixerit
512 1981 671 2022 quispiam
692 1981 801 2012 mirari
821 1991 868 2019 se,
895 1991 951 2012 cur
970 1981 1065 2012 multi
1084 1983 1116 2012 et
1136 1981 1314 2012 doctissimi
1334 1981 1395 2012 viri
1413 1979 1517 2012 Theo·

200 2035 335 2076 phrasto
355 2036 387 2065 et
406 2045 523 2076 genera
543 2036 575 2065 et
594 2034 730 2066 virtutes
750 2034 936 2074 tribuerint,
960 2034 1020 2066 etsi
1044 2034 1184 2066 vidimus
1203 2037 1312 2066 vetera
1330 2033 1519 2066 testimonia

201 2157 254 2183 ego
274 2158 388 2183 possum
406 2148 539 2180 iudicare.
560 2149 601 2175 ita
616 2148 759 2181 divinitus,
775 2151 807 2175 ut
822 2158 877 2176 non
893 2158 909 2175 a
924 2149 1038 2176 Graecis
1053 2149 1214 2183 sumpsisse,
1229 2149 1278 2175 sed
1293 2156 1340 2175 eos
1355 2149 1431 2183 ipsos
1445 2147 1516 2174 haec

201 2189 302 2216 docere
320 2197 403 2222 posse
421 2188 559 2215 videare.“
591 2188 668 2221 Quae
691 2188 785 2222 verba,
810 2189 892 2216 modo
913 2189 1073 2216 Ciceronem
1099 2198 1163 2215 cum
1187 2197 1254 2216 suae
1278 2189 1382 2215 aetatis
1401 2187 1518 2215 Graecis

201 2229 370 2261 rhetoribus,
394 2237 450 2255 non
470 2237 532 2255 cum
552 2228 596 2262 iis,
622 2237 691 2263 quos
711 2229 772 2263 ipse
792 2229 952 2256 inventores
971 2229 1041 2256 artis
1060 2231 1089 2256 et
1109 2238 1172 2255 suos
1195 2230 1323 2256 auctores
1346 2227 1516 2263 appellavit,

202 2269 275 2295 hanc
293 2268 444 2303 intellegas
465 2269 704 2303 comparationem
724 2269 894 2301 instituisse,
919 2278 968 2296 suo
988 2270 1048 2296 iure
1072 2270 1162 2303 dicta,
1186 2278 1241 2296 non
1266 2277 1328 2295 cum
1353 2268 1518 2303 arrogantis

202 2309 317 2343 putabis
337 2317 405 2336 esse.
