1566 2592
506 125 546 151 De
565 124 655 150 initiis
673 123 808 151 virtutum
827 122 948 149 dicendi.
1338 120 1380 152 39

76 209 227 242 maticam
246 207 402 240 rationem
421 205 634 248 pertinebant,
653 204 775 246 primae
795 203 993 245 ἑλληνισμοῦ
1017 203 1146 235 virtutis
1170 205 1261 234 erant
1285 205 1380 243 atque

74 274 148 295 cum
168 263 204 294 τὸ
223 261 296 303 ἡδύ,
315 260 401 302 quod
420 259 459 291 ab
480 258 655 290 Aristotele
674 268 747 289 cum
766 257 995 298 perspicuitate
1014 256 1253 298 psychologicis
1272 255 1381 287 vincu-

74 317 116 348 lis
133 314 248 358 (Rhet.
262 313 318 356 111,
340 324 364 345 c.
382 313 437 354 10)
465 311 670 343 coniunctum
703 321 771 342 esse
798 310 950 350 vidimus,
978 309 1017 340 ab
1051 320 1088 341 eo
1117 309 1258 341 solutum
1287 311 1319 340 et
1347 309 1381 340 in

75 370 188 410 quarta
211 367 330 398 virtute
353 367 546 398 collocatum
570 366 667 405 esset,
689 363 816 405 πρέπον
839 365 946 395 autem
970 374 1063 394 suum
1088 365 1183 403 caput
1212 362 1381 402 obtineret,

74 433 139 454 non
158 421 204 452 ita
222 420 323 451 multa
340 419 464 460 reliqua
483 422 582 459 erant,
601 428 681 459 quae
700 417 735 448 in
753 416 982 458 perspicuitate
1000 417 1223 447 tractarentur.
1253 415 1381 447 Coarta-

74 477 143 508 tum
171 484 239 505 esse
266 473 362 504 huius
390 471 520 504 virtutis
549 471 658 502 orbem
686 469 918 502 recentioribus
947 480 1074 510 quoque
1107 469 1244 500 testibus
1273 469 1380 501 ascitis

71 526 262 560 ostenditur.

163 597 263 630 Stoici
283 608 358 629 vero
385 597 482 628 etiam
508 596 602 637 plura
627 595 656 626 ei
682 595 900 636 detraxerunt,
927 605 1000 626 cum
1026 595 1225 634 συντομίαν,
1251 593 1289 624 de
1317 604 1381 634 qua

70 651 313 693 Theophrastus
333 651 401 682 sine
421 650 518 681 dubio
537 650 572 680 in
590 648 818 690 perspicuitate
837 647 928 688 dixit,
947 647 1109 689 propriam
1129 647 1281 679 virtutem
1301 647 1381 677 face-

73 707 152 738 rent.
181 703 369 736 Cuiusmodi
384 703 537 735 virtutem
556 701 738 734 Stoicorum
757 701 887 743 ingenio
907 700 1079 732 admodum
1098 700 1224 741 placere
1239 702 1380 741 apparet.

74 757 266 791 Aristoteles
285 757 468 799 συντομίαν
488 756 590 788 solam
609 766 675 787 non
694 755 788 786 modo
808 765 874 786 non
892 754 1060 795 virtutem,
1080 754 1135 785 sed
1154 753 1270 785 vitium
1289 754 1381 794 puta-

71 812 129 844 vit.
157 811 325 852 Nusquam
344 811 378 842 in
395 812 466 841 toto
485 809 595 841 libello
614 809 690 849 περὶ
709 807 824 846 λέξεως
843 808 1025 847 συντομίαν
1044 818 1102 848 per
1118 817 1150 838 se
1170 806 1381 846 commendat,

73 876 139 897 non
158 865 259 907 magis
279 875 374 905 quam
393 864 503 904 ὄγκον.
532 862 620 893 Haec
639 862 701 893 duo
721 861 881 893 contraria
900 862 988 892 sunt:
1016 860 1071 901 qui
1091 861 1193 901 ὄγκον
1211 860 1317 891 solum
1337 870 1381 890 se·
1431 850 1444 866 ς

74 918 194 960 quitur,
219 917 399 958 ἀδολεσχεῖ,
425 917 480 957 qui
507 916 703 956 συντομίαν,
726 915 765 946 fit
783 914 922 955 ἀσαφής.
957 913 1068 954 Capite
1088 914 1108 944 6
1133 914 1231 954 ὄγκος
1255 915 1286 944 et
1305 922 1382 944 συν-

74 973 173 1013 τομία
202 982 266 1002 una
295 971 474 1002 tractantur
503 969 562 1010 ita,
587 971 624 1000 ut
649 968 749 1000 altera
775 979 899 1009 semper
924 967 982 998 fiat
1009 978 1026 998 e
1052 966 1213 998 contrario
1240 966 1382 998 alterius.

72 1023 236 1066 Sequitur,
254 1025 291 1054 ut
309 1034 440 1065 prorsus
461 1033 533 1054 cum
552 1021 739 1053 Aristotelis
763 1021 922 1052 sententia
945 1020 1147 1051 consentiant
1169 1020 1249 1052 haec
1272 1020 1382 1056 verba:

74 1078 118 1109 ἄν
131 1089 166 1109 τε
181 1078 242 1118 γὰρ
257 1076 429 1118 ἀδολεσχῇ,
440 1075 480 1107 οὐ
495 1076 613 1117 σαφής,
624 1073 702 1107 οὐδὲ
718 1074 760 1106 ἂν
775 1075 938 1114 σύντομος
949 1072 1150 1116 (1414325),
1164 1084 1267 1114 neque
1277 1073 1383 1114 Maye-

73 1142 128 1162 rus
148 1131 190 1162 sit
209 1129 394 1171 audiendus,
409 1129 464 1171 qui
481 1129 579 1160 ‘nav’
595 1130 669 1159 ante
683 1128 870 1167 ’σύντομος’
887 1127 1009 1158 addidit
1025 1129 1056 1158 et
1076 1126 1241 1158 contendit
1256 1126 1382 1157 Aristo-

69 1184 168 1216 telem
197 1185 380 1224 συντομίαν
403 1183 471 1214 sine
494 1182 590 1214 dubio
615 1182 767 1213 virtutem
794 1182 937 1222 putasse,
966 1180 1052 1221 quod
1081 1179 1292 1211 demonstrari
1316 1190 1382 1211 non

72 1239 180 1280 potest
193 1237 256 1269 nisi
275 1235 498 1279 confundendo
514 1235 619 1267 medio
634 1245 706 1266 cum
726 1234 893 1274 brevitate,
913 1234 1005 1275 quasi
1020 1234 1056 1265 τὸ
1074 1233 1176 1275 μέσον
1195 1234 1380 1274 intellegen-

71 1291 150 1322 dum
170 1290 212 1323 sit
231 1289 373 1331 “με’τριος
397 1289 570 1329 συντομία’
601 1287 654 1331 (cf.
674 1288 786 1330 Mayer
804 1299 834 1330 p.
850 1287 927 1319 XVI
948 1287 1066 1319 Annot.
1085 1285 1126 1329 1).
1158 1286 1259 1318 Stoici
1279 1286 1382 1318 brevi-

72 1346 174 1376 tatem
194 1343 322 1375 Laertio
342 1345 471 1375 auctore
491 1343 536 1374 ita
555 1342 777 1383 definiverunt,
792 1343 829 1372 ut
847 1341 951 1372 virtus
971 1340 1081 1372 haberi
1101 1342 1220 1381 posset.
1245 1339 1279 1371 Si
1296 1340 1381 1371 enim

74 1397 159 1429 αὐτὰ
178 1397 217 1429 τὰ
237 1397 399 1437 ἀναγκαῖα
418 1396 543 1436 adsunt,
562 1395 737 1436 vituperari
756 1394 868 1435 nequit
887 1393 1038 1435 ἀσάφεια.
1370 1402 1372 1405 ’

163 1467 284 1505 Quarta
302 1466 530 1508 Theophrasti,
559 1466 671 1507 quinta
699 1465 881 1497 Stoicorum
900 1465 1016 1506 virtus,
1045 1465 1134 1497 cuius
1159 1464 1267 1496 omnia
1291 1475 1382 1496 orna-

73 1523 181 1552 menta
200 1520 389 1553 elecutionis
409 1522 508 1560 erant,
529 1530 688 1561 quamque
707 1519 912 1559 κατασκευὴν
931 1520 1125 1560 appellatam
1145 1529 1212 1549 esse
1232 1518 1382 1560 cognovi-

73 1585 154 1615 muS‚
173 1574 213 1606 ab
228 1573 402 1606 Aristotele
417 1573 451 1606 in
465 1573 694 1615 perspicuitate
713 1573 870 1604 collocata
889 1574 946 1604 est.
975 1572 1095 1604 Tamen
1111 1572 1180 1613 ipse
1194 1572 1302 1613 prodit
1317 1572 1381 1603 iam

74 1639 132 1659 sua
151 1629 254 1659 aetate
273 1628 352 1659 alios
372 1627 662 1669 προσδιαιρεῖσθαι
681 1626 743 1667 τὴν
763 1625 865 1667 λέξιν,
890 1625 941 1657 ὅτι
963 1626 1080 1666 ἡδεῖαν
1099 1626 1151 1657 δεῖ
1168 1624 1221 1657 καὶ
1245 1627 1382 1666 μεγαλο-

71 1686 188 1722 πρεπῆ.
218 1680 305 1719 Quae
324 1680 430 1722 verba,
449 1680 503 1721 qui
518 1680 606 1723 legit,
625 1679 718 1711 facile
738 1679 838 1711 credit
857 1680 936 1711 duas
955 1690 1054 1710 novas
1070 1678 1278 1711 Aristotelem
1298 1689 1382 1710 com-

73 1745 250 1766 memorare
270 1734 413 1765 virtutes.
441 1732 491 1765 Ita
509 1734 699 1775 interpretes
718 1735 864 1764 nostrum
883 1733 990 1764 locum
1010 1732 1170 1773 explicare
1185 1733 1298 1764 solent.
1319 1731 1382 1764 Sed

73 1787 102 1819 si
120 1787 218 1819 verba
236 1787 292 1819 illa
311 1798 349 1818 ex
373 1787 508 1819 historia
531 1787 781 1828 interpretamur
804 1788 836 1817 et
861 1786 1041 1817 accuratius
1065 1785 1272 1827 inquirimus,
1295 1785 1382 1816 haud

70 1840 139 1872 scio
159 1851 200 1872 an
218 1840 311 1872 aliter
329 1840 513 1872 iudicemus.

161 1911 400 1953 Theophrastus
416 1912 509 1953 enim,
525 1911 603 1953 quin
617 1923 736 1952 eorum,
752 1922 832 1953 quos
848 1910 1040 1943 Aristoteles
1060 1912 1298 1951 commemorat,
1313 1921 1381 1941 sen-

73 1965 206 1997 tentiam
225 1965 419 2007 adhibuerit,
442 1976 506 1997 non
527 1965 660 1996 dubium
679 1967 735 1996 est.
764 1964 795 1996 Is
819 1967 926 1997 autem
949 1975 1014 1996 non
1034 1964 1140 1995 minus
1164 1974 1260 2004 quam
1281 1963 1381 1995 Stoici

74 2018 222 2050 universa
249 2022 436 2051 ornamenta
461 2021 493 2050 et
517 2030 566 2060 ea,
595 2029 675 2060 quae
704 2029 834 2050 suavem
862 2018 997 2049 reddant
1025 2017 1218 2058 orationem,
1244 2019 1275 2047 et
1300 2027 1402 2062 quae]

73 2071 286 2113 magnificam,
303 2083 367 2104 una
380 2073 500 2104 virtute
519 2071 770 2113 comprehendit,
789 2071 878 2103 cuius
894 2071 972 2103 duas
987 2073 1104 2112 partes,
1118 2070 1182 2111 ἡδύ
1198 2072 1229 2102 et
1243 2072 1381 2110 μεγαλο-

73 2124 208 2165 πρεπές,
233 2126 314 2156 teste
343 2124 493 2157 Cicerone
521 2125 680 2157 discernit.
718 2124 806 2156 Haec
834 2124 896 2156 duo
924 2124 1055 2156 nomina
1082 2124 1116 2155 in
1147 2123 1380 2154 recentioribus

74 2177 203 2218 scriptis
223 2177 389 2209 rhetoricis
414 2179 596 2220 promiscue
619 2178 824 2219 adhibentur,
847 2178 903 2210 ubi
927 2188 1053 2219 semper
1077 2188 1140 2208 una
1163 2176 1265 2207 virtus
1284 2188 1381 2207 κατα-

70 2235 193 2271 σκευῆς
217 2230 422 2273 significatur.
455 2231 560 2269 Quid?
585 2231 666 2273 Eos,
694 2231 884 2271 quibuscum
913 2233 1013 2263 certat
1042 2229 1247 2270 Aristoteles,
1274 2231 1381 2261 utrum

74 2283 247 2315 verisimile
262 2286 310 2315 est
326 2284 403 2315 duas
419 2284 543 2316 duobus
558 2285 623 2316 illis
642 2284 826 2316 nominibus
846 2285 1042 2326 significasse
1058 2283 1204 2324 virtutes,
1223 2293 1264 2314 an
1284 2293 1381 2313 unam
