1566 2592
194 116 239 148 94
271 101 277 105 ⁴
767 118 859 154 Caput
876 119 936 147 VII.

197 210 351 242 magnum
371 199 404 231 in
424 200 608 232 oratoribus
626 211 744 233 nomen
763 201 965 234 habuerunt“
983 201 1138 245 (quocum
1152 203 1225 236 loco
1241 204 1452 238 conferendus
1465 206 1522 244 eqt

1535 0 1566 95 l

1559 153 1566 248 ἓ

196 253 294 284 etiam
322 252 430 290 Quint.
450 252 513 285 XII
535 253 585 295 10,
595 252 662 298 58).
701 253 764 287 Cic.
784 254 833 287 De
853 254 905 287 Or.
924 254 971 287 ΙΙΙ
990 256 1047 288 26:
1072 255 1135 299 „Et
1160 257 1187 288 si
1206 256 1267 289 hoc
1286 257 1321 289 in
1346 257 1397 290 his
1423 258 1517 300 quasi
1560 278 1566 306 3

195 306 296 338 mutis
323 306 446 339 artibus
472 309 522 339 est
547 307 730 340 mirandum
754 310 786 340 et
809 310 919 341 tamen
941 320 1066 352 verum,
1092 311 1213 352 quanto
1237 310 1458 344 admirabilius
1480 311 1520 345 in
1562 316 1566 358 ff

198 360 343 392 oratione
363 361 459 402 atque
479 361 511 393 in
531 360 667 404 lingua?
689 372 770 403 quae
791 373 863 394 cum
887 362 920 394 in
940 362 1054 395 iisdem
1072 363 1240 396 sententiis
1259 364 1428 407 verbisque
1446 376 1521 398 ver-
1563 371 1566 377 “

198 415 300 455 setur,
324 424 465 446 summas
491 414 589 447 habet
614 413 907 458 dissimilitudines,
930 426 995 448 non
1019 417 1065 448 sic
1083 419 1120 448 ut
1139 417 1194 449 alii
1213 417 1418 460 vituperandi
1440 418 1521 462 sint,

199 467 254 499 sed
274 469 311 499 ut
330 467 362 509 ii,
382 478 464 509 quos
485 470 612 500 constet
631 479 700 500 esse
719 469 911 511 laudandos,
930 471 964 502 in
983 469 1104 511 dispari
1123 472 1232 502 tamen
1250 482 1366 514 genere
1385 471 1521 505 lauden-

197 521 270 552 tur“
289 521 401 563 (etiam
420 520 468 553 ΠΙ
487 521 555 564 34).
590 522 681 554 Brut.
697 522 776 554 204:
803 522 931 564 „Atque
950 523 983 554 in
1002 523 1054 555 his
1074 524 1256 556 oratoribus
1275 524 1355 557 illud
1373 525 1518 558 animad-

197 575 386 607 vertendum
406 577 468 618 est,
492 586 586 617 posse
607 587 676 608 esse
699 586 855 615 summos,
879 576 934 618 qui
958 577 1042 608 inter
1065 588 1099 609 se
1123 578 1188 609 sint
1212 577 1392 612 dissimiles.
1420 578 1523 612 Nihil

197 629 282 660 enim
307 631 374 660 tam
399 629 568 671 dissimile,
597 640 693 670 quam
719 629 814 662 Cotta
838 628 997 672 Sulpicio,
1021 632 1054 662 et
1077 632 1212 672 uterque
1235 631 1423 673 aequalibus
1446 633 1520 665 suis>

200 682 377 724 plurimum
398 682 588 724 praestitit.“
616 682 666 714 Ita
685 683 814 724 quidem
834 685 990 726 κριτικός,
1012 684 1102 716 cuius
1122 684 1275 724 officium,
1293 687 1330 718 ut
1343 696 1416 718 cum
1430 685 1515 719 Mar-

198 736 286 767 tiano
298 735 461 779 Capella1)
473 737 596 778 loquar,
613 737 825 778 spectativum
838 735 1074 781 (θεωρητικόν)
1085 741 1142 780 est,
1156 749 1229 770 cum
1241 741 1385 772 veterum
1395 740 1522 782 scripta

198 790 326 831 probat,
345 789 454 821 omnia
474 800 591 832 genera
610 789 679 822 sine
699 791 766 822 ullo
787 790 825 822 de
843 790 1027 833 principatu
1046 791 1220 824 certamine
1234 791 1365 825 laudare
1378 794 1516 835 poterat.

197 843 358 875 Rhetores
378 845 485 875 autem
505 854 578 875 cum
601 843 728 875 ‘active'
743 842 958 887 (πρακτικῶς)
979 844 1155 887 discipulos
1174 846 1333 888 docerent,
1353 845 1520 888 quomodo

198 896 233 928 hi
253 908 346 928 suum
367 907 469 940 genus
489 897 615 929 dicendi
636 897 837 930 conformare
856 897 1022 940 deberent,
1045 898 1079 930 in
1104 898 1320 932 describendis
1343 899 1522 943 generibus»

198 961 264 982 non
283 952 350 982 tam
370 950 403 982 id
423 951 572 993 agebant,
593 952 629 983 ut
649 953 794 983 veterum
815 951 977 983 orationes
997 963 1172 994 eorumque
1191 957 1397 996 χαρακτῆρας
1414 953 1518 996 expli·

198 1006 317 1045 carent,
337 1015 434 1046 quam
453 1006 489 1036 ut
509 1016 628 1036 novum
648 1015 758 1047 genus,
778 1005 865 1046 quod
880 1005 1006 1037 dicendi
1021 1006 1184 1038 studiosus
1198 1006 1238 1038 ad
1253 1008 1396 1039 veterum
1412 1017 1519 1039 exem-

198 1057 270 1100 plar
288 1060 400 1100 posset
419 1058 586 1100 effingere,
608 1058 822 1101 designarent.
850 1057 964 1100 Itaque
983 1058 1174 1102 Dionysius,
1192 1059 1318 1092 Auctor
1336 1060 1376 1092 ad
1394 1059 1521 1094 Heren-

199 1111 304 1153 nium,
329 1110 456 1154 Cicero,
481 1110 701 1149 Quintilianus
721 1111 881 1144 rhetorice
899 1113 1071 1155 generibus
1090 1113 1141 1145 usi
1162 1115 1250 1155 sunt,
1274 1115 1311 1146 ut
1333 1125 1444 1146 eorum
1464 1113 1520 1147 de-

199 1165 389 1207 scriptione,
423 1176 504 1207 quae
538 1165 670 1198 omnino
700 1166 823 1208 optima
851 1168 936 1197 esset
965 1166 1091 1198 dicendi
1121 1167 1218 1209 ratio,
1251 1167 1518 1200 demonstrarent.

198 1218 320 1251 Eadem
340 1221 446 1251 autem
467 1230 562 1251 causa
577 1219 721 1251 rhetores
737 1220 891 1251 commoti
907 1221 991 1261 sunt,
1010 1221 1047 1252 ut
1062 1220 1299 1253 characteribus
1315 1222 1522 1265 opponerent

201 1272 294 1314 quasi
313 1273 531 1314 παρεκβάσεις
546 1274 578 1305 et
596 1272 714 1304 vitiosa
732 1283 857 1315 genera.
886 1272 1042 1305 Criticum
1062 1274 1157 1316 enim,
1177 1274 1232 1315 qui
1251 1273 1370 1306 iudicio
1385 1284 1444 1307 suo
1458 1275 1522 1307 aut

198 1327 331 1358 omnino
351 1328 515 1358 auctorem
534 1337 669 1358 numero
689 1326 809 1358 exemit
827 1328 883 1358 aut
902 1326 996 1358 laude
1021 1327 1153 1370 dignum
1179 1328 1288 1371 generi
1311 1327 1438 1360 cuidam
1461 1327 1519 1360 ad·

199 1380 341 1422 signavit
360 1379 483 1422 (Quint.
503 1379 518 1411 I
537 1380 572 1421 4,
587 1379 635 1422 3),
659 1380 805 1421 ineptum
830 1382 899 1412 erat
918 1380 1053 1412 vitiosos
1077 1382 1224 1413 auctores
1248 1381 1424 1423 generatim
1444 1392 1518 1414 cen-

198 1444 277 1475 sere,
295 1433 418 1465 rhetori
438 1433 613 1475 discipulos
632 1434 814 1466 instituenti
833 1434 1048 1466 necessarium
1068 1434 1248 1476 admonere,
1266 1446 1306 1467 ne
1326 1435 1359 1467 in
1377 1435 1522 1468 finitima.

170 1484 172 1488 ’
199 1488 293 1520 bonis
318 1487 490 1530 generibus
515 1487 596 1519 vitia
620 1488 806 1520 inciderent.
835 1487 980 1520 Vitiosos
1003 1490 1111 1520 tamen
1135 1493 1342 1531 χαρακτῆρας
1364 1488 1444 1531 ipsis
1463 1491 1516 1532 ge-

201 1542 333 1573 neribus
352 1541 546 1573 recentiores
566 1552 635 1573 esse
654 1541 728 1573 inde
747 1541 860 1580 elucet,
880 1542 966 1584 quod
981 1542 1060 1574 vitia
1072 1542 1238 1574 virtutibus
1252 1542 1378 1574 dicendi
1391 1544 1521 1574 contra-

199 1596 248 1628 ria
266 1606 332 1627 non
351 1595 397 1626 ita
417 1596 564 1627 sollerter
584 1596 617 1626 in
637 1595 755 1627 vitiosa
774 1606 892 1638 genera
911 1597 1108 1628 commutata
1127 1598 1216 1638 sunt,
1240 1607 1303 1638 qua
1326 1596 1365 1628 de
1388 1606 1422 1628 re
1441 1606 1516 1628 cum

200 1649 238 1681 de
258 1648 416 1680 Demetrii
435 1648 545 1680 libello
565 1649 641 1690 περὶ
661 1648 834 1691 ἑρμηνείας
858 1660 1003 1692 agemus,
1026 1649 1121 1691 plura
1143 1649 1277 1681 dicenda
1299 1651 1394 1682 erunt
1417 1647 1523 1693 (infru

199 1714 230 1744 p.
247 1701 410 1745 106sqq.).
436 1702 544 1734 Medio
564 1702 702 1744 denique
722 1703 831 1745 generi
845 1702 990 1734 rhetores
1005 1703 1056 1735 vel
1074 1703 1214 1735 maxime
1233 1702 1464 1735 obtrectabant.
1487 1701 1521 1735 Ii

200 1756 300 1798 enim,
324 1756 380 1797 qui
403 1767 442 1788 ex
466 1756 570 1787 tribus
595 1756 767 1799 generibus
792 1756 876 1788 inter
899 1767 932 1788 se
952 1756 1132 1788 coniunctis
1150 1767 1270 1788 novum
1289 1767 1405 1799 genus,
1427 1755 1516 1798 quod

199 1810 359 1852 optimum
380 1811 471 1851 esset,
492 1809 737 1851 componebant,
757 1810 898 1842 medium
918 1810 1167 1842 contemnebant
1181 1812 1213 1842 et
1226 1821 1326 1852 prope
1340 1809 1522 1852 neglebaut

200 1862 279 1906 (Cic.
297 1862 349 1895 Or.
365 1862 431 1906 96).
462 1859 726 1895 Omnem'autem
746 1863 813 1895 eius
832 1863 991 1895 rationem
1010 1863 1033 1895 ii
1052 1863 1306 1904 commutabant,
1330 1862 1385 1905 qui
1405 1873 1519 1895 secun-

201 1916 277 1948 dum
292 1916 581 1958 Peripateticorum
601 1918 764 1958 μεσότητα
784 1917 890 1958 ipsum
911 1917 1070 1958 optimum
1089 1927 1192 1959 genus
1210 1917 1244 1948 in
1263 1916 1379 1958 medio,
1397 1916 1519 1948 utrius-

201 1981 263 2012 que
278 1971 405 2013 generis
419 1971 581 2012 participi,
595 1970 768 2012 ponebant,
782 1971 882 2002 veluti
894 1970 1069 2012 Dionysius
1083 1971 1117 2002 in
1132 1970 1217 2002 libro
1228 1970 1266 2002 de
1282 1970 1520 2012 compositione

199 2024 381 2056 verborum.
410 2024 524 2066 Itaque
544 2024 571 2056 si
591 2024 782 2056 examinatis
802 2024 973 2067 generibus
991 2024 1149 2066 probatur
1167 2035 1237 2056 eam
1256 2024 1427 2066 rationem,
1451 2034 1521 2066 qna

200 2078 403 2120 grammatici
423 2078 474 2109 vel
493 2077 596 2110 critici
616 2078 665 2109 usi
685 2080 771 2118 sunt,
790 2078 828 2109 ad
850 2089 1002 2120 generum
1022 2080 1170 2110 naturam
1190 2080 1222 2110 et
1236 2077 1376 2110 indolem
1392 2087 1520 2110 accom-

200 2131 363 2163 modatam
391 2142 472 2173 esse,
501 2131 668 2163 rhetorum
694 2142 770 2162 vero
797 2132 953 2163 rationem
981 2142 999 2162 a
1025 2132 1239 2173 complurium
1266 2142 1419 2174 generum
1443 2129 1515 2173 pari

200 2185 294 2217 laude
313 2185 451 2217 alienam
471 2187 503 2217 et
523 2185 569 2216 ita
588 2196 656 2216 esse
676 2187 920 2226 commutatam,
944 2187 980 2216 ut
999 2186 1101 2227 magis
1120 2184 1337 2227 praecipiendi
1355 2184 1438 2217 ratio
1460 2183 1519 2216 ha—

291 2301 317 2334 1)
338 2299 391 2332 Qui
411 2299 564 2326 Varronem
584 2301 696 2326 secutus
716 2300 765 2326 est.
795 2299 913 2326 Usener:
933 2299 951 2326 l.
966 2299 984 2325 1.
999 2308 1027 2333 p.
1042 2302 1102 2326 601.
