1566 2592
514 158 554 184 De
573 157 662 184 initiis
681 157 816 184 virtutum
836 157 955 183 dicendi.
1348 157 1391 188 35

90 242 129 274 ad
149 242 245 273 finem
265 239 384 283 (τέλος)
405 239 559 272 orationis
578 238 831 279 accommodata,
854 240 962 270 tamen
982 239 1015 269 in
1034 237 1228 279 perficiendo
1248 240 1280 270 et
1305 239 1396 280 quasi

88 294 274 326 fabricando
303 293 442 325 diversas
462 294 494 324 et
511 293 651 324 minores
670 292 704 323 in
723 294 830 333 partes
854 291 1020 333 diiungere
1038 291 1170 323 mavult.
1199 290 1344 333 Apparet
1362 292 1396 323 in

89 337 254 380 rhetorum
274 346 384 378 ordine
398 346 496 377 fuisse
511 356 593 384 eum,
613 345 668 386 qui
684 344 880 386 philosopho
895 346 1095 386 repugnante
1110 345 1262 377 virtutem
1279 345 1396 386 divisit,

91 401 140 433 ὅτι
160 401 274 442 ἡδεῖαν
293 400 344 431 δεῖ
361 399 416 431 καὶ
435 401 672 440 μεγολοπρεπῆ.
706 397 846 430 Virtutis
870 398 1006 439 simplex
1029 397 1134 429 forma
1152 399 1210 430 τὸν
1235 401 1396 439 θεωρητι-

90 456 149 486 κόν
174 453 270 495 sapit,
298 452 508 484 multiformis
534 452 593 483 τὸν
618 452 807 493 πρακτικόν.
845 450 985 483 Nomine
1011 462 1086 483 vero
1112 451 1204 483 illum
1231 454 1395 483 auctorem

90 503 248 549 appellare
267 516 333 537 non
351 505 489 547 audeoff)

180 559 325 591 Historia
343 559 422 590 artis
441 558 567 591 dicendi
581 557 767 590 Aristotelis
782 558 980 590 adversarios
996 569 1059 599 eos,
1078 558 1134 599 qui
1148 558 1300 589 virtutem
1319 558 1397 588 divi-

90 615 207 653 serunt,
226 613 341 645 vicisse
361 613 460 644 docet.
489 611 561 653 Ipse
580 613 648 643 eius
668 612 843 653 discipulus
863 613 895 643 et
910 612 1074 653 διάδοχος,
1094 611 1148 652 qui
1164 611 1310 654 magistri
1326 610 1398 642 doc-

87 667 205 698 trinam
221 665 381 707 complere
396 676 492 707 quam
507 667 630 697 mutare
645 675 769 706 semper
783 665 906 706 maluit,
921 665 955 696 in
965 664 1139 696 virtutibus
1152 667 1261 696 tamen
1271 664 1396 695 dicendi

89 720 163 751 illos
192 719 346 760 sequitur.
379 717 476 750 Cuius
505 721 658 760 quattuor
685 719 821 750 virtutes
850 729 946 759 supra
974 718 1190 760 exposuimus.
1226 717 1297 749 Hoc
1325 717 1396 748 loco

90 773 168 804 satis
188 774 236 804 est
255 772 525 804 commonefacere
545 771 582 803 de
603 771 764 803 Ciceronis
785 772 980 813 testimonio,
1004 771 1088 803 unde
1106 773 1176 803 tota
1201 773 1311 802 nostra
1337 770 1397 802 dis-

89 826 215 867 putatio
231 825 374 866 profecta
389 827 448 857 est:
468 824 598 866 „Sermo
613 836 713 867 purus
732 826 794 856 erit
812 827 844 856 et
862 825 981 856 latinus
1002 823 1239 867 (ἑλληνισμός),
1258 824 1397 856 dilucide

90 878 246 920 planeque
267 878 390 910 dicetur
408 877 609 921 (σαφήνεια),
624 878 701 919 quid
721 878 839 919 deceat,
858 878 1134 919 circumspiciatur
1153 877 1307 920 (πρέπον)
1324 903 1330 909 .
1346 903 1352 908 .
1368 903 1393 909 ..

92 934 240 973 quartum
258 957 263 962 .
279 957 285 963 .
302 956 308 962 .
328 934 475 963 ornatum
491 923 582 972 illud,
602 943 698 963 suave
718 934 750 963 et
769 932 909 963 afluens“
928 931 995 974 (Or.
1012 931 1076 974 79).

181 984 378 1022 Quibuscum
398 985 508 1016 statim
528 995 758 1026 comparemus,
781 996 862 1026 quae
881 985 919 1016 de
939 984 1121 1016 Stoicorum
1141 984 1314 1026 partitione
1335 984 1398 1015 elo-

92 1038 231 1070 cutionis
250 1038 354 1070 tradat
372 1038 517 1070 Laertius
536 1038 697 1080 Diogenes
717 1037 789 1079 VII,
807 1038 863 1086 59?

91 1108 213 1150 Ἀρεταὶ
233 1107 269 1141 δὲ
289 1110 389 1150 λόγου
410 1108 471 1140 εἰσὶ
491 1108 600 1140 πέντε·
618 1107 847 1150 Ἑλληνισμός,
868 1111 1045 1151 σαφήνεια,
1066 1111 1241 1149 συντομία,
1260 1108 1398 1149 πρέπον,

942 1163 1134 1203 κατασκευή.

181 1214 267 1253 Quae
286 1215 332 1246 ita
350 1214 562 1256 explicantur:

87 1267 302 1310 “Ελληνισμός
322 1268 390 1300 ἐστι
410 1269 531 1310 φράσις
550 1268 754 1306 ἀδιάπτωτος
775 1268 811 1300 ἐν
829 1273 868 1311 τῇ
888 1274 1018 1311 τεχνικῇ
1042 1268 1095 1300 καὶ
1119 1270 1163 1310 μὴ
1188 1270 1294 1311 εἰκαίᾳ
1317 1277 1396 1300 συν-

942 1323 1049 1364 ηθείᾳ.

93 1375 267 1416 Σαφήνεια
286 1374 354 1407 ἐστι
374 1373 490 1418 λέξιςῗ)
509 1377 682 1417 γνωρίμως
701 1380 885 1416 παριστᾶσα
904 1376 940 1407 τὸ
960 1376 1153 1416 νοούμενον.

93 1429 264 1468 Συντομία
288 1427 356 1459 ἐστὶ
381 1427 465 1466 λέξις
489 1428 572 1459 αὐτὰ
595 1429 633 1460 τὰ
658 1428 819 1469 ἀναγκαῖα
842 1428 1039 1470 περιέχουσα
1063 1429 1145 1469 πρὸς
1168 1429 1315 1470 δήλωσιν
1338 1434 1398 1461 τοῦ

268 1516 270 1518 ,
943 1481 1170 1524 πράγματος.3)

95 1534 232 1576 Πρέπον
251 1533 319 1566 ἐστὶ
340 1533 425 1572 λέξις
444 1535 547 1566 οἰκεία
566 1539 610 1578 τῷ
629 1535 802 1577 πράγματι.

94 1589 290 1628 Κατασκευή
309 1587 377 1619 ἐστι
396 1586 481 1625 λέξις
500 1587 723 1629 ἐκπεφευγυῖα
741 1589 800 1620 τὸν
820 1589 1020 1630 ἰδιωτισμόν.

183 1657 298 1690 Omnia
321 1658 414 1690 facile
438 1658 669 1701 intelleguntur
694 1662 819 1700 praeter
846 1661 1008 1700 quintum,
1034 1660 1111 1700 quid
1138 1660 1181 1691 sit
1206 1662 1398 1700 κατασκευή.

93 1711 185 1743 Hanc
204 1712 289 1743 enim
309 1722 380 1743 cum
401 1711 556 1743 idiotismi
575 1712 745 1754 negatione
765 1713 929 1744 definitam
949 1713 1086 1753 videant,
1106 1715 1182 1745 sunt
1197 1714 1252 1755 qui
1268 1714 1399 1745 omnino

94 1764 222 1797 Stoicae
241 1765 432 1797 elocutionis
451 1765 613 1797 doctrinae
633 1776 707 1797 vera
729 1768 916 1798 ornamenta
935 1766 1043 1798 deesse
1062 1766 1269 1798 arbitrentur:
1293 1766 1400 1807 „Posi-

93 1818 159 1851 tive
178 1820 345 1850 ornament
363 1817 448 1849 their
467 1820 586 1860 system
607 1819 682 1850 does
700 1821 758 1850 not
781 1819 939 1851 inculcate
963 1821 996 1850 at
1019 1822 1104 1850 most
1128 1819 1204 1861 only
1227 1820 1399 1851 avoidance

94 1872 132 1904 of
155 1871 210 1903 the
233 1871 364 1914 vulgar“
387 1871 637 1914 (Hendricksom
666 1871 704 1903 A.
719 1871 748 1920 ξΪ.
764 1872 821 1904 Ph.
845 1872 962 1914 XXVI,
986 1873 1070 1904 1905
1099 1885 1129 1914 p.
1145 1872 1233 1915 259).
1268 1872 1338 1910 Qua
1366 1873 1399 1904 in

95 1925 252 1956 sententia
271 1925 318 1956 vir
338 1924 540 1957 doctissimus
560 1925 782 1957 Hendrickson
803 1927 908 1957 totum
928 1926 993 1957 fere
1018 1926 1056 1957 de
1079 1926 1250 1967 generibus
1274 1926 1398 1958 dicendi

95 1977 247 2009 indicium
267 1989 360 2010 suum
379 1979 496 2019 posuit.
525 1978 586 2010 Sed
610 1980 707 2010 etiam
727 1979 916 2011 Aristoteles
942 1980 1058 2012 reiecta
1080 1979 1262 2011 humilitate
1287 1980 1400 2011 maluit

96 2029 246 2071 colligere
266 2031 383 2072 omnia,
401 2042 481 2072 quae
500 2032 541 2063 ad
560 2035 708 2064 ornatum
724 2033 877 2064 orationis
893 2033 1063 2074 pertinent,
1083 2044 1178 2074 quam
1194 2035 1309 2064 ornatu
1329 2044 1399 2074 pro-

95 2083 164 2125 prie
183 2085 343 2125 appellato
362 2084 552 2127 significare,
574 2096 645 2118 cum
665 2086 699 2117 in
718 2085 903 2117 definitione
923 2086 1052 2118 virtutis
1072 2087 1235 2126 statueret,
1261 2088 1297 2117 ut
1317 2088 1400 2117 esset

186 2163 210 2194 1)
230 2161 358 2195 Spengel,
378 2162 454 2189 Diels
469 2163 656 2190 Theodectem
676 2164 819 2190 auctorem
838 2165 1016 2198 putaverunt,
1035 2164 1144 2191 Striller
1159 2164 1210 2198 (De
1226 2163 1308 2190 Stoie.
1326 2164 1398 2190 stud.

94 2201 165 2227 rhet.
180 2211 206 2235 p.
222 2203 267 2234 51)
285 2201 443 2229 Isocratem.
471 2203 505 2229 cf.
525 2203 698 2230 Wendland:
717 2203 903 2230 Anaximenes
922 2213 946 2230 v.
962 2204 1071 2238 Lamps.
1091 2213 1118 2238 p.
1134 2207 1176 2230 43.

185 2243 210 2274 2)
230 2241 352 2267 Attende
371 2241 407 2267 ad
426 2242 611 2269 differentiam
630 2243 703 2270 inter
722 2243 826 2277 φράσιν
845 2245 874 2270 et
892 2243 972 2276 λέξιν.

185 2283 210 2314 3)
230 2280 270 2308 Cf.
295 2280 472 2308 Aristotelem
497 2282 532 2308 de
554 2283 722 2310 narrationis
751 2283 945 2310 mediocritate
976 2283 1113 2310 Rhet.111
1139 2283 1283 2310 1416b36:
1311 2286 1399 2310 Τοῦτο

95 2320 124 2347 δ’
137 2321 192 2348 ἐστὶ
211 2321 242 2347 τὸ
261 2320 349 2355 λέγειν
369 2319 418 2347 ὅσα
439 2323 554 2356 δηλώσει
572 2323 603 2349 τὸ
622 2327 743 2358 πρᾶγμα.

1151 2368 1186 2392 3*
