1566 2592
465 126 505 152 De
524 125 613 152 initiis
632 125 768 151 virtutum
787 124 906 150 dicendi,
1304 120 1347 152 43

37 210 99 252 μὲν
119 208 180 243 οὖν
200 210 246 248 εἰς
269 210 330 241 δύο
357 207 565 250 ἑρμηνεύειν,
591 204 660 238 εἶτα
687 211 818 246 σαφῶς
844 205 906 241 δεῖ,
922 203 1038 245 λέγειν.
1071 203 1178 235 Prima
1206 213 1280 244 pars
1306 202 1346 233 ab

37 263 214 296 Aristotele
232 264 264 294 et
281 262 436 294 virtutum
457 260 601 292 doctrina
619 258 714 300 plane
734 258 837 290 aliena
856 259 912 289 est.
941 257 1053 288 Altera
1073 257 1132 287 etsi
1153 255 1301 298 congruit
1316 257 1348 286 et

39 317 168 350 nomine
183 318 215 348 et
232 315 410 357 praeceptis
425 313 627 355 quibusdam,
642 314 751 343 tamen
768 311 855 343 aliud
870 312 919 341 est
938 311 1123 352 σαφήνειαν
1142 310 1226 341 inter
1246 308 1348 340 multa

38 370 126 403 varia
144 370 313 412 praecepta
334 367 512 409 postulare,
537 366 624 397 aliud
643 376 711 397 eam
732 365 791 396 sub
811 364 934 396 virtutis
954 364 1083 394 nomine
1102 363 1347 394 fundamentum

39 433 156 466 ponere
170 422 270 454 totius
285 420 485 453 elocutionis.
507 418 684 462 Gorgianas
699 418 819 460 figuras
831 416 1012 459 (ἀντίθετα,
1023 416 1223 458 παρισώσεις
1238 415 1347 457 ὁμοιό-

38 475 149 519 τητας)
169 474 384 507 Anaximenes
403 483 507 513 neque
526 472 630 514 prima
649 483 753 512 neque
772 472 872 502 altera
886 481 943 501 sua
962 469 1153 501 elocutionis
1173 473 1271 510 parte,
1293 468 1347 500 sed

37 528 224 571 appendicis
250 527 351 559 instar
369 525 519 558 tractavit
545 529 586 568 (c.
604 525 646 557 26
672 524 747 566 περὶ
767 522 803 556 δὲ
830 522 1014 556 ἀντιθέτων
1039 525 1106 554 κτλ.
1126 547 1133 554 .
1148 547 1177 553 ..
1201 521 1347 562 λέγωμεν

37 583 109 624 ἤδη.
138 582 326 622 δεησόμεθα
350 580 412 621 γὰρ
436 578 490 611 καὶ
514 577 665 620 τούτων).
693 577 780 615 Quae
800 588 871 608 cum
891 577 938 608 ita
961 576 1038 615 sint,
1064 586 1167 616 neque
1190 574 1347 606 Isocrates

37 646 141 677 neque
159 634 374 666 Anaximenes
395 633 426 664 in
446 632 583 664 historia
601 632 757 663 virtutum
776 630 967 662 elocutionis
990 629 1096 660 locum
1117 628 1273 660 obtinent.
1303 629 1347 659 Αἱ

38 689 151 731 ἀρεταὶ
174 686 291 725 λέξεως
310 699 328 718 a
352 685 565 728 philosophis,
587 695 653 716 non
672 695 690 716 a
708 684 892 716 rhetoribus
912 685 943 715 et
963 684 1110 714 inventae
1130 683 1162 713 et
1181 681 1348 713 institutae

36 744 114 774 sunt
129 740 343 784 (Aristoteles,
358 739 607 780 Theophrastus,
623 736 747 779 Stoici).
776 736 838 769 Sed
853 736 969 775 λέξεως
984 736 1119 768 virtutes
1139 736 1287 766 inventae
1303 735 1347 765 vi-

39 795 155 826 dentur
171 805 241 826 esse
256 796 287 825 et
307 794 481 825 instructae
496 792 536 823 ad
555 792 738 833 exemplum
758 790 883 832 ἀρετῶν
902 791 1093 831 διηγήσεως,
1113 799 1194 830 quae
1213 788 1346 830 propius

36 859 98 881 nos
118 848 158 880 ad
182 847 326 879 rhetores
346 857 442 887 quam
462 846 501 877 ad
525 845 737 886 philosophos
756 844 880 875 ducent.
909 843 959 874 Ad
979 853 1031 874 eas
1051 843 1115 873 iam
1138 844 1346 873 transeamus.

570 1015 725 1052 CAPUT
753 1015 814 1051 IV.

264 1094 336 1142 DE
367 1091 737 1142 NARRATIONIS
771 1090 1122 1141 VIRTUTIBUS.

127 1184 279 1216 Omnium
299 1183 452 1216 orationis
468 1184 609 1225 partium
627 1183 770 1215 narratio
785 1182 932 1224 proxime
947 1181 1068 1213 accedit
1082 1181 1122 1212 ad
1137 1181 1249 1222 ipsam,
1265 1192 1346 1222 quae

38 1238 73 1270 in
92 1237 271 1280 eloquendo
290 1239 385 1278 valet,
399 1237 464 1269 vim
485 1239 580 1278 atque
598 1237 765 1268 rationem.
792 1235 836 1267 Et
854 1236 1019 1277 prooemio
1035 1237 1067 1266 et
1086 1235 1215 1276 epilogo
1232 1236 1263 1266 et
1281 1245 1346 1266 om-

35 1291 132 1323 nibus
161 1291 406 1334 argumentandi
433 1290 579 1331 partibus
603 1290 677 1322 finis
702 1291 751 1321 est
778 1289 977 1330 proposituS‚
1006 1288 1061 1329 qui
1087 1287 1218 1320 dictioni
1243 1290 1346 1319 certas

10 1371 14 1374 .
36 1344 123 1387 leges
147 1345 296 1386 imperet3
320 1345 461 1376 narratio
487 1343 569 1375 nihil
593 1343 675 1385 agit,
698 1343 762 1374 nisi
782 1344 819 1374 ut
837 1353 903 1374 rem
924 1342 1068 1383 ignotam
1095 1341 1230 1372 dicendo
1250 1352 1346 1382 expo-

37 1400 101 1430 nat.
130 1397 243 1439 Itaque
258 1398 342 1429 inter
361 1399 538 1438 praecepta,
558 1407 639 1438 quae
658 1396 874 1427 narrationem
894 1395 1077 1435 instituunt,
1091 1395 1185 1436 plura
1200 1405 1296 1435 quam
1312 1395 1346 1426 in

37 1450 172 1492 reliquis
191 1450 337 1492 partibus
357 1450 511 1482 orationis
531 1450 570 1481 ad
590 1450 694 1490 ipsam
713 1449 928 1481 elocutionem
947 1449 1116 1490 pertinent.

127 1500 361 1536 Aristoteles
381 1503 509 1545 quidem
529 1503 721 1535 narrationis
742 1502 913 1543 qualitates
928 1512 1048 1543 omnes,
1067 1502 1106 1533 de
1126 1501 1242 1542 quibus
1259 1501 1346 1542 dicit,

35 1568 78 1588 ex
92 1557 187 1588 rebus
202 1556 337 1588 deducit.
365 1556 411 1588 Ut
425 1567 464 1588 ne
479 1556 583 1588 brevis
594 1558 650 1587 aut
661 1555 771 1587 celeris
784 1556 908 1596 (contra
917 1553 1112 1596 Isocrateos)
1128 1555 1170 1586 sit
1186 1555 1346 1596 διήγησις,

38 1610 94 1641 sed
113 1612 251 1651 μετρίως
274 1609 382 1652 (Rhet.
397 1608 444 1640 III
462 1609 648 1652 1416b30).
673 1608 753 1640 Ὅσα
777 1608 870 1649 ἡδέα
892 1613 961 1646 τοῖς
986 1609 1155 1645 δικασταῖς
1176 1607 1344 1650 (141787)

37 1674 167 1695 narrare
186 1663 274 1702 licet,
299 1663 355 1694 sed
375 1663 451 1694 haec
470 1662 620 1704 voluptas
644 1664 752 1704 aperte
772 1662 811 1694 ad
831 1673 894 1703 res,
918 1673 998 1703 quae
1017 1664 1202 1703 narrantur,
1221 1672 1286 1693 non
1305 1661 1344 1692 ad

40 1717 232 1748 suavitatem
261 1715 376 1754 λέξεως
404 1717 552 1757 pertinet.
580 1716 694 1757 Neque
720 1715 807 1757 quod
834 1716 959 1756 ἠθικὴν
987 1716 1047 1756 τὴν
1076 1716 1229 1756 διήγησιν
1259 1713 1345 1747 εἶναι

36 1768 139 1813 (1417
148 1770 228 1812 016)
240 1769 337 1810 iubet,
347 1780 450 1811 neque
464 1769 550 1810 quod
560 1769 649 1801 dicit:
662 1768 710 1801 ἔτι
725 1768 760 1801 ἐκ
775 1774 842 1800 τῶν
855 1771 1050 1810 παθητικῶν
1061 1767 1134 1809 λέγε
1145 1768 1345 1811 (14171136),

35 1833 111 1855 cum
139 1823 244 1854 ethica
271 1825 304 1855 et
333 1822 496 1864 pathetica
525 1822 676 1863 dictione,
701 1833 796 1863 quam
826 1822 929 1863 capite
948 1821 997 1853 III
1019 1822 1036 1852 7
1066 1821 1247 1863 descripsit,
1272 1832 1346 1853 con-

38 1876 144 1908 sentit.
172 1875 222 1908 Ibi
241 1876 279 1907 de
298 1887 506 1917 personarum
527 1876 645 1917 verbis,
669 1876 723 1908 hic
743 1875 781 1906 de
804 1875 950 1917 personis
969 1874 1047 1916 ipsis
1068 1877 1099 1906 et
1124 1875 1218 1906 rebus
1242 1875 1345 1916 loqui-

39 1931 100 1960 tur.
127 1928 234 1971 Atque
253 1931 290 1961 ut
308 1929 415 1962 ethica
438 1931 470 1961 et
493 1929 656 1971 pathetica
680 1929 766 1968 λέξις
789 1931 895 1970 partes
920 1931 996 1960 sunt
1018 1933 1077 1960 τοῦ
1101 1928 1284 1970 πρέποντος
1308 1928 1345 1960 ἐν

40 1986 79 2023 τῇ
99 1981 190 2024 λέξει,
210 1993 274 2023 quo
294 1983 433 2014 efficitur
451 1983 487 2014 τὸ
507 1984 669 2023 πιθανόν,
695 1982 742 2014 sie
765 1982 799 2013 in
824 1982 1007 2013 narratione
1034 1992 1162 2022 quoque
1188 1981 1262 2013 finis
1287 1984 1346 2023 est,

37 2033 79 2065 ad
100 2044 194 2075 quem
214 2036 321 2067 omnia
339 2036 475 2067 tendunt
494 2034 679 2067 Aristotelis
698 2037 875 2077 praecepta,
890 2035 1102 2075 probabilitas.
1111 2034 1135 2078 ¹)
1165 2034 1272 2077 Atque
1292 2035 1345 2067 hic

43 2086 117 2118 finis
137 2089 206 2119 tota
224 2087 299 2120 libri
317 2088 424 2121 indole
443 2089 559 2131 dignus
579 2091 635 2121 est.

131 2139 320 2172 Aristoteles
339 2144 450 2173 contra
469 2153 523 2174 eos
547 2142 704 2184 disputat,
729 2142 784 2183 qui
808 2146 940 2183 ταχεῖαν
964 2143 1020 2173 aut
1044 2142 1212 2182 σύντομον
1231 2141 1345 2172 volunt

38 2204 109 2225 esse
129 2193 291 2234 διήγησιν.
321 2193 538 2232 Quintilianus
557 2195 628 2227 loco
648 2195 812 2227 doctrinae
831 2197 926 2236 pleno
947 2197 979 2226 et
994 2194 1050 2236 qui
1067 2194 1121 2226 isti
1140 2195 1270 2235 fuerint,
1290 2194 1344 2226 do-

132 2291 156 2323 1)
177 2289 214 2316 Cf.
235 2289 326 2316 Marx:
347 2290 406 2316 Ber.
427 2290 521 2317 Sachs.
536 2291 625 2317 Akad.
646 2291 772 2324 L11,321,
792 2290 966 2318 Wendland:
987 2291 1073 2316 Anax.
1090 2299 1113 2316 v.
1129 2291 1157 2317 L.
1178 2299 1203 2324 p.
1219 2293 1261 2316 41.
