1566 2592
196 128 240 159 32
779 129 870 164 Caput
888 128 934 156 111.

286 209 349 241 Hic
373 210 584 252 gravissimus
607 211 699 243 locus
723 221 786 242 non
811 210 915 243 solum
940 211 979 243 de
998 212 1157 244 virtutum
1180 223 1328 253 numero,
1353 214 1434 254 quot
1457 213 1513 246 alii

195 263 340 295 rhetores
360 264 540 305 posuerint,
559 264 716 296 nonnulla
734 264 841 305 docet,
861 264 900 297 de
920 265 1036 306 quibus
1055 268 1166 307 postea
1185 265 1355 298 dicendum
1375 269 1437 309 est,
1456 267 1514 300 sed

195 317 236 348 ad
255 316 444 349 Aristotelis
464 317 565 359 ipsius
584 318 742 350 rationem
763 317 880 356 λέξεως
898 319 1083 351 tractandae
1102 319 1278 360 plurimum
1300 320 1392 352 valet.

285 370 439 403 Definitio
463 371 549 403 enim
574 371 706 413 ἀρετῆς,
736 383 831 413 quam
852 382 950 414 supra
973 372 1154 411 attulimus,
1181 372 1275 405 initio
1295 374 1411 415 capitis
1435 374 1512 408 alto·

196 425 262 456 rius
277 424 351 456 libri
367 423 415 456 lII
430 426 538 467 posita
557 426 667 457 statim
687 425 834 467 sequitur
852 426 1051 468 prooemium
1073 427 1173 458 totius
1185 426 1296 459 libelli.
1326 427 1389 460 Hic
1403 430 1511 461 autem

194 479 285 510 locus
304 478 342 510 de
361 479 536 520 partitione
556 479 722 520 virtutum,
742 482 778 510 ut
798 482 896 520 caput
915 479 1149 519 duodecimum,
1169 481 1215 512 ita
1234 483 1346 521 totam,
1366 492 1447 524 quae
1461 484 1512 515 est

195 531 233 562 de
249 532 438 573 elocutione,
454 532 527 563 libri
544 534 669 574 partem
684 533 764 564 finit.
784 531 862 564 Inde
877 543 895 563 a
910 533 1015 574 capite
1033 533 1072 564 13
1088 533 1203 574 incipit
1217 535 1367 566 tractatio
1381 534 1510 574 τάξεως.

194 584 361 626 Sequitur,
386 588 422 617 ut
445 586 549 618 omnis
575 586 752 627 disputatio
777 585 852 626 περὶ
873 585 988 624 λέξεως
1008 586 1135 627 virtuti,
1157 587 1242 618 unde
1265 587 1395 620 initium
1414 589 1511 631 capit,

193 650 258 679 qua
276 639 373 670 finem
392 639 487 680 facit,
512 639 698 671 subiciatur.
728 639 799 670 Hoc
819 642 868 671 est
889 639 1147 681 fundamentum,
1171 651 1235 682 quo
1260 640 1385 683 reliqua
1402 642 1510 685 capita

194 693 350 724 nituntur.
385 692 499 734 Neque
526 693 604 724 ordo
632 693 736 725 solum
764 693 992 734 disputationis
1017 696 1050 725 et
1073 704 1183 725 eorum
1210 693 1368 736 locorum,
1392 696 1510 738 quibua

123 778 133 786 μ
194 746 295 778 virtus
315 747 508 778 nominatim
528 748 698 787 tractatur,
723 746 777 778 sed
802 747 898 778 etiam
918 747 1013 779 verba
1032 747 1104 789 ipsa
1122 747 1308 780 Aristotelis
1333 759 1429 780 uuam
1447 750 1511 782 vir-

194 802 294 831 tutem
324 801 566 841 perspicuitatis
593 800 813 840 comprobant.
858 799 1031 832 Contendit
1057 801 1141 832 enim
1168 812 1221 833 eas
1248 801 1397 842 virtutes,
1429 814 1511 845 quas

194 854 343 895 proprias
363 854 418 885 alii
439 854 557 885 iniuria
576 854 724 895 fecerint,
749 853 803 885 uni
829 865 905 886 suae
928 854 1042 886 virtuti
1066 855 1128 886 iam
1150 855 1262 887 inesse.
1292 854 1384 893 Quod
1404 859 1441 889 ut
1459 857 1510 890 de-

194 909 360 947 monstret,
381 908 497 949 repetit
517 908 656 939 breviter
675 908 754 939 κατὰ
776 908 954 949 κεφάλαια,
977 919 1058 949 quae
1077 910 1171 940 antea
1190 908 1228 940 de
1248 908 1430 942 elocutione
1448 910 1509 944 dis-

195 961 335 1001 putavit:
364 962 409 992 Τὰ
430 961 607 1003 εἰρημένα.
624 986 630 992 .
647 986 653 992 .
674 961 715 992 ἂν
735 959 772 993 εὖ
796 964 917 1004 μιχθῇ,
941 962 978 993 τὸ
998 962 1120 1000 εἰωθὸς
1140 961 1221 1004 (scil.
1241 963 1340 1005 κύρια
1358 962 1435 1007 ἔπη)
1453 964 1509 998 καὶ

193 1013 338 1055 ξενικόν,
358 1014 412 1046 καὶ
434 1015 450 1046 ὁ
472 1015 603 1056 ῥυθμὸς
621 1015 675 1046 καὶ
694 1015 731 1046 τὸ
751 1015 900 1046 πιθανὸν
919 1014 954 1047 ἐκ
974 1019 1034 1047 τοῦ
1053 1015 1244 1057 πρέποντος.
1274 1015 1405 1060 Omnia,
1428 1029 1510 1060 quae

192 1068 342 1108 exposuit
362 1068 415 1111 (τὰ
435 1067 620 1111 εἰρημένα),
639 1068 678 1099 ad
699 1068 855 1100 virtutum
877 1067 992 1106 λέξεως
1011 1069 1239 1110 assequendam
1261 1071 1407 1112 exposita
1425 1074 1509 1105 sunt.

283 1120 375 1158 Quod
395 1122 542 1164 epilogus
563 1122 692 1154 disertis
711 1122 852 1153 affirmat
871 1122 987 1163 verbis,
1009 1121 1136 1165 singula
1155 1123 1261 1164 capita
1279 1124 1417 1167 singulis
1435 1137 1509 1168 pro-

195 1174 271 1205 bant
290 1176 498 1217 argumentis.
527 1175 573 1207 Ut
593 1175 677 1207 enim
699 1176 815 1216 virtus,
841 1176 968 1217 qualem
989 1175 1141 1208 describit
1159 1175 1367 1220 Aristoteles,
1389 1179 1434 1220 μὴ
1453 1191 1508 1211 τα-

193 1229 290 1269 πεινή
310 1239 378 1260 esse
399 1229 501 1270 debet,
522 1229 566 1260 ita
586 1231 683 1271 caput
703 1229 723 1260 2
743 1229 783 1260 ad
802 1230 959 1261 rationem
981 1230 1128 1271 pertinet,
1148 1241 1211 1272 qua
1230 1232 1353 1273 κόσμος
1369 1233 1508 1266 orationi

191 1281 261 1313 dari
280 1282 397 1323 possit:
422 1283 474 1315 διὸ
499 1283 550 1314 δεῖ
573 1288 682 1314 ποιεῖν
708 1282 805 1324 ξένην
826 1284 887 1323 τὴν
907 1283 1088 1315 διάλεκτον.
1122 1283 1213 1321 Quod
1233 1285 1396 1325 quomodo
1415 1285 1509 1318 intel-

192 1335 311 1367 lectum
330 1336 436 1378 vellet,
455 1338 628 1378 postquam
649 1337 832 1378 explicavit,
851 1336 891 1368 ad
911 1336 1039 1379 singula
1057 1339 1227 1378 praecepta
1242 1339 1367 1371 transit.
1395 1342 1508 1382 Διπλῆ

191 1387 245 1420 καὶ
269 1389 474 1431 πεποιημένα
499 1389 646 1431 ὀνόματα
666 1390 797 1422 vitanda
820 1392 904 1422 sunt.
934 1391 1074 1430 Κυρίοις
1098 1389 1151 1422 καὶ
1176 1392 1312 1430 οἰκείοις
1334 1393 1389 1425 καὶ
1411 1404 1508 1434 μετα-

190 1447 313 1483 φοραῖς
332 1443 500 1484 utendum,
524 1444 607 1475 ὥστε
632 1444 736 1484 δῆλον
755 1444 799 1481 ὡς
818 1443 860 1475 ἂν
880 1441 916 1475 εὗ
935 1448 1013 1485 ποιῇ
1038 1456 1102 1481 τις.
1125 1442 1217 1477 ἔσται
1241 1457 1275 1477 τε
1299 1445 1430 1484 ξενικὸν
1451 1447 1507 1480 καὶ

192 1496 376 1527 λανθάνειν
396 1495 561 1538 ἐνδέχεται
581 1498 634 1528 καὶ
655 1502 821 1538 σαφηνιεῖ.
850 1497 945 1538 αὕτη
967 1496 998 1529 δ’
1016 1495 1063 1538 ἦν
1082 1498 1101 1539 ἡ
1121 1503 1190 1529 τοῦ
1210 1499 1424 1541 ῥητορικοῦ
1443 1501 1508 1534 λό-

190 1561 263 1590 γου
292 1549 409 1590 ἀρετή
439 1549 641 1593 (14041235).
674 1550 807 1582 Omnem
838 1551 877 1582 de
905 1550 1076 1583 verborum
1105 1551 1230 1583 delectu
1258 1551 1365 1585 locum
1393 1553 1508 1587 virtuti

189 1601 373 1644 σαφηνείας
404 1603 506 1635 subici
536 1604 689 1635 videmus.
724 1603 828 1646 Caput
848 1604 868 1636 3
902 1605 1087 1646 oppositum
1111 1607 1160 1637 est
1187 1606 1285 1647 capiti
1305 1607 1334 1639 2.
1367 1598 1508 1641 Ηᾶἴᾱο

190 1667 265 1688 vero
286 1656 457 1688 verborum
478 1659 608 1695 ornatu,
632 1657 712 1689 illud
733 1657 772 1689 de
791 1658 872 1689 falso
893 1658 985 1699 dicit,
1009 1659 1095 1700 quod
1114 1659 1297 1701 appellatur
1319 1661 1356 1693 τὸ
1375 1661 1508 1704 ψυχρὸν

189 1710 272 1741 κατὰ
291 1711 352 1751 τὴν
371 1709 468 1748 λέξιν.
497 1710 607 1742 Etiam
628 1712 661 1742 in
680 1711 744 1743 hoc
762 1711 867 1753 capite
886 1711 1085 1744 demonstrat
1104 1713 1212 1744 omnia
1231 1713 1291 1745 sub
1314 1715 1421 1756 specie
1444 1715 1505 1748 vir-

190 1764 269 1795 tutis
293 1764 401 1806 unius,
426 1764 552 1805 qualem
580 1765 673 1796 initio
700 1766 828 1806 statuit,
855 1766 984 1797 tractari
1005 1765 1207 1809 (1406a32):
1237 1767 1303 1799 Διὸ
1326 1774 1506 1810 ποιητικῶς

190 1816 342 1858 λέγοντες
361 1823 399 1859 τῇ
420 1817 581 1860 ἀπρεπείᾳ
600 1818 637 1850 τὸ
656 1821 790 1859 γελοῖον
808 1818 862 1851 καὶ
882 1820 919 1851 τὸ
939 1820 1069 1861 ψυχρὸν
1088 1819 1262 1861 ἐμποιοῦσι
1279 1819 1416 1863 (scilicet
1429 1823 1506 1854 sunt

189 1869 273 1911 ὑπὲρ
294 1871 330 1902 τὸ
351 1870 490 1913 ἀξίωμα)
515 1870 568 1902 καὶ
593 1872 630 1903 τὸ
654 1871 781 1913 ἀσαφὲς
805 1873 860 1904 διὰ
884 1873 945 1913 τὴν
966 1872 1172 1914 ἀδολεσχίαν.
1201 1873 1282 1905 ὅταν
1301 1874 1364 1915 γὰρ
1385 1875 1504 1916 γιγνώ-

188 1933 305 1955 σκοντι
325 1924 524 1967 ἐπεμβάλλῃ,
549 1925 678 1957 διαλύει
698 1926 734 1957 τὸ
755 1924 858 1967 σαφὲς
876 1929 922 1968 τῷ
949 1926 1141 1958 ἐπισκοτεῖν.
1169 1926 1378 1968 Metaphorae
1396 1930 1504 1961 autem

192 1977 225 2008 in
250 1978 353 2019 capite
372 1978 393 2009 4
418 1978 650 2019 vituperantur.
687 1980 713 2010 1.
733 1980 802 2011 Διὰ
829 1980 866 2012 τὸ
896 1982 1043 2020 γελοῖον,
1073 1981 1101 2011 2.
1122 1981 1177 2011 διὰ
1201 1981 1238 2012 τὸ
1267 1982 1391 2023 σεμνὸν
1419 1982 1506 2023 ἄγαν

189 2033 247 2062 καί
269 2033 437 2073 τραγικόν.
466 2031 607 2072 ἀσαφεῖς
627 2032 678 2073 δέ,
703 2032 744 2064 ἂν
763 2034 943 2075 πόρρωθεν
962 2032 1139 2076 (1406226).
1174 2033 1286 2076 Capite
1306 2035 1326 2066 5
1347 2037 1505 2068 tractatur

189 2085 226 2116 τὸ
256 2084 450 2126 ἑλληνίζειν,
480 2086 567 2126 quod
594 2086 816 2127 perspicuitati
846 2086 965 2118 servire
993 2089 1135 2129 apparet.
1169 2086 1361 2120 summatim
1386 2088 1504 2122 dicitur

188 2149 218 2179 p.
236 2137 410 2170 14071011:
431 2139 515 2176 ὅλως
534 2138 571 2171 δὲ
599 2140 650 2171 δεῖ
676 2139 931 2180 εὐανάγνωστον
953 2138 1039 2173 εἶναι
1061 2141 1098 2173 τὸ
1122 2141 1352 2183 γεγραμμένον
1373 2141 1428 2174 καὶ
1449 2141 1503 2175 εὕ-

188 2200 348 2232 φραστον.
358 2191 383 2234 1)
405 2191 517 2234 Capite
537 2192 556 2224 6
577 2194 732 2225 nonnulla
749 2196 915 2225 enumerat
936 2194 1093 2236 σχήματα,
1121 2205 1201 2236 quae
1224 2195 1327 2236 ὄγκον
1347 2195 1503 2238 efficiunt,

279 2308 303 2340 l)
323 2307 363 2332 Cf.
381 2307 467 2333 etiam
489 2310 631 2334 1407330:
649 2306 718 2334 Ἐὰν
738 2308 768 2335 δὲ
787 2309 858 2334 πολὺ
877 2309 908 2335 τὸ
927 2309 1028 2342 μεταξὺ
1048 2308 1170 2343 γένηται,
1190 2308 1305 2343 ἀσαφές.
