1566 2592
559 138 601 166 De
619 138 709 165 tribus
729 138 841 165 dicendi
861 138 1019 173 generibus.
1395 139 1439 170 99

130 222 232 254 aciem
259 221 359 262 dedit,
385 221 529 253 videmus
555 220 695 261 optimos
722 221 868 251 auctores
894 219 1003 251 eadem
1029 220 1153 252 ratione
1180 220 1218 251 ab
1243 220 1443 252 instituenda
1470 236 1472 246 ι

130 275 311 307 elocutione
339 276 371 306 et
399 273 438 305 ab
466 274 544 305 artis
573 273 765 314 praeceptis,
794 283 890 314 quam
919 273 1066 315 magistri
1095 273 1223 314 docent,
1252 284 1368 315 genera
1396 273 1441 305 di·
1476 273 1477 285 ¹

131 328 290 360 stinxisse.

221 380 381 413 Ciceronis
392 379 509 412 Orator
518 379 707 411 Latinorum
722 379 878 411 librorum
893 379 1128 410 rhetoricorum
1143 380 1287 411 omnium
1302 380 1442 412 maxime

130 435 171 466 ad
194 428 392 476 trsff'genera
415 433 563 475 pertinet.
594 432 678 470 Quid
697 444 734 465 ea
757 432 817 464 sibi
840 432 955 472 velint,
979 443 1018 464 ex
1041 434 1111 464 tota
1135 433 1240 474 operis
1264 433 1372 464 indole
1395 433 1441 464 in-

131 478 423 530 teuegenduffmrgsn
451 479 502 518 'Ne
521 486 638 528 longus
657 486 727 526 sim,
748 486 863 527 positis
883 486 1173 517 controversiarum
1193 486 1383 528 ambagibus
1403 486 1442 517 de

129 541 267 581 ratione,
293 550 374 581 quae
400 540 484 571 inter
509 539 610 570 libros
636 538 684 570 De
704 538 839 570 Oratore
865 540 897 570 et
916 537 1085 570 Oratorem
1112 539 1300 579 intercedat,
1327 539 1441 578 dicam,

131 593 208 635 quid
227 593 373 625 sentiam.

219 646 334 678 Libros
350 646 398 677 De
413 645 548 678 Oratore
564 645 673 677 Cicero
693 656 711 676 a
730 656 763 677 re
783 645 912 687 publica
926 645 1065 688 gerenda
1080 645 1232 687 depulsus
1250 646 1441 687 composuit,

127 702 166 731 ut
180 702 339 732 oratorem
355 710 480 731 summa
494 699 651 741 dignitate
669 701 797 730 ornaret
815 710 952 740 eumque
967 710 1005 731 ex
1021 698 1139 730 scholis
1156 699 1384 741 magistrorum
1400 699 1441 730 ad

128 753 299 784 sublimem
314 763 410 794 super
424 763 534 784 omnes
549 752 691 794 singulas
706 754 790 784 artes
805 752 910 784 locum
926 752 1060 783 efferret.
1092 752 1317 790 Quaestionem
1334 755 1440 784 autem

130 806 168 837 de
187 806 370 848 principatu
389 805 472 838 inter
491 805 636 837 rhetores
656 808 689 837 et
707 805 919 847 philosophos
938 807 1107 837 tractatam
1128 806 1172 837 ita
1191 806 1298 847 solvit,
1316 808 1353 837 ut
1372 817 1441 837 ora—

129 859 192 894 tori
213 870 339 891 omnem
360 859 574 890 eruditionem
594 859 786 901 adsignaret,
805 858 1001 900 philosopho
1021 862 1127 890 autem
1148 859 1244 890 talem
1264 859 1442 899 ἐγκυκλίου

129 913 282 950 παιδείας
299 913 429 953 plenum
450 915 610 944 oratorem
631 913 819 954 praeferret,
844 913 930 954 quod
948 913 1003 944 ille
1028 912 1142 944 studiis
1167 915 1308 954 vacaret,
1330 913 1383 944 hic
1407 914 1442 945 in

131 966 200 997 vita
227 968 259 997 et
286 965 354 997 acie
378 968 558 997 versaretur
581 968 614 997 et
637 966 752 1007 opibus
778 966 920 997 collectis
944 966 991 997 uti
1016 966 1119 998 sciret.
1153 966 1184 998 Is
1208 966 1309 1008 igitur
1332 968 1442 997 orator

129 1029 201 1050 cum
232 1019 365 1051 scientia
393 1019 578 1060 philosophi
602 1019 774 1051 coniuncta
798 1019 915 1050 habere
939 1019 1032 1051 debet
1051 1019 1211 1051 rhetorica
1230 1019 1443 1051 instrumenta

129 1074 163 1103 et
197 1071 321 1104 dicendi
351 1072 546 1104 facultatem.
582 1072 644 1104 Sed
675 1073 862 1113 adversarii,
892 1072 1009 1114 quibus
1040 1073 1209 1114 impugnat
1240 1073 1332 1104 libris
1365 1073 1441 1114 suis,

130 1125 287 1156 minorem
306 1126 339 1157 in
359 1128 481 1166 partem
501 1125 688 1166 philosophi
709 1128 807 1166 erant,
830 1126 949 1167 quippe
970 1137 1104 1167 quorum
1126 1126 1242 1167 opibus
1262 1126 1302 1157 ad
1320 1126 1440 1158 bonum

130 1180 289 1210 oratorem
316 1179 519 1210 formandum
545 1189 622 1210 usus
649 1178 699 1211 sit.
735 1178 837 1210 Immo
864 1190 939 1211 vero
966 1179 1129 1221 magistris
1153 1179 1278 1211 dicendi
1302 1179 1442 1215 obsistit,

130 1232 186 1272 qui
205 1232 324 1273 regulis
345 1232 535 1273 quibusdam
557 1233 786 1273 discipulorum
806 1232 969 1264 mentibus
989 1233 1115 1264 iniectis
1135 1244 1167 1264 se
1187 1233 1346 1274 perfectos
1370 1244 1441 1264 ora-

129 1287 216 1316 tores
235 1285 468 1327 promittebant
486 1285 628 1317 facturos
648 1285 754 1328 esse.²)
783 1284 896 1327 Itaque
917 1285 971 1317 diu
990 1288 1135 1317 moratur
1154 1286 1192 1317 iis
1213 1287 1443 1327 disputationis

129 1338 223 1379 locis,
246 1339 302 1379 qui
325 1339 365 1370 ad
389 1339 569 1370 universam
593 1339 729 1370 oratoris
752 1339 939 1370 facultatem
965 1339 1161 1380 pertineant,
1185 1339 1345 1371 rhetorica
1364 1350 1441 1372 vero

131 1394 303 1433 praecepta
323 1392 451 1423 omissis
470 1392 547 1423 artis
567 1392 658 1433 quasi
678 1391 844 1423 elementis
864 1392 909 1423 ita
923 1393 1091 1434 percurrit,
1109 1395 1146 1424 ut
1159 1393 1294 1434 perfecti
1310 1393 1360 1424 sui
1375 1404 1442 1424 ora-

129 1445 210 1476 toris
229 1445 294 1475 vim
315 1444 347 1475 in
367 1445 502 1487 singulis
522 1445 660 1476 breviter
680 1445 835 1476 ostendat.

219 1497 386 1529 Oratorem
407 1501 514 1529 autem
530 1497 639 1530 Cicero
660 1497 895 1540 conscripsit²)‚
915 1501 950 1530 ut
965 1510 1058 1530 suum
1073 1510 1174 1541 genus
1189 1499 1312 1531 dicendi
1330 1502 1443 1531 contra

130 1551 288 1592 impetum
307 1550 488 1583 Atticorum
511 1551 700 1583 defenderet.
730 1551 757 1582 Ii
777 1552 949 1583 adversarii
972 1552 1050 1583 adeo
1074 1563 1138 1583 non
1164 1552 1315 1585 carebant
1339 1553 1441 1584 erudi—

130 1604 233 1645 tione,
257 1606 293 1635 ut
318 1604 426 1635 ‘docti'
452 1605 503 1635 vel
527 1604 774 1647 ‘intellegentes’
798 1606 849 1636 vel
869 1605 1028 1636 similibus
1047 1606 1287 1646 appellarentur
1305 1606 1440 1637 nomini—

128 1704 234 1730 auxilia
253 1712 286 1730 ex
304 1704 372 1739 ipsis
391 1705 547 1739 sapientiae
566 1705 757 1739 penetralibus
776 1706 862 1739 petit,
882 1714 966 1739 quam
985 1706 1015 1732 in
1035 1706 1124 1732 altum
1143 1706 1230 1732 simus
1250 1706 1353 1739 ablati,
1378 1715 1440 1732 sen-

129 1744 183 1770 tire
203 1744 371 1778 coepimus.“

219 1786 244 1818 l)
263 1784 332 1810 Tum
359 1785 446 1811 Roma
470 1784 595 1811 conferta
618 1786 680 1811 erat
701 1785 844 1819 magistris
870 1786 990 1812 dicendi.
1021 1786 1113 1812 Etiam
1139 1787 1270 1813 Graeculi
1292 1786 1438 1813 technicas

127 1823 239 1858 regulas
259 1824 405 1851 docebant.
435 1824 463 1850 Si
482 1825 571 1859 igitur
595 1824 681 1851 libros
702 1825 742 1852 De
763 1824 879 1851 Oratore
899 1828 995 1852 contra
1010 1826 1133 1860 Latinos,
1153 1827 1202 1860 qui
1217 1827 1357 1859 dicuntur,
1376 1827 1440 1853 rhe-

127 1865 202 1890 tores
221 1864 338 1898 scriptos
358 1866 442 1898 putas
462 1864 598 1898 (Nordem
628 1866 659 1891 A.
676 1865 708 1892 K.
723 1865 757 1898 1¹,
773 1867 895 1900 222sq.),
919 1867 995 1892 recte
1014 1869 1110 1900 putas,
1130 1867 1154 1893 si
1173 1868 1270 1893 contra
1290 1875 1336 1893 eos
1357 1866 1440 1899 solos,

127 1904 158 1929 in
181 1903 246 1936 hoc,
272 1905 346 1938 quod
370 1904 443 1931 solos
468 1904 550 1938 dicis,
577 1913 659 1931 erras.
689 1905 727 1932 Ut
752 1906 849 1932 contra
873 1906 1003 1932 Isocratis
1028 1905 1184 1940 φιλόσοφον
1208 1905 1371 1940 ῥητορικήν,
1397 1907 1440 1933 ita

128 1945 225 1970 contra
244 1943 383 1971 Ciceronis
403 1944 523 1972 similem
543 1945 572 1971 in
591 1945 699 1971 Latinis
718 1945 855 1972 rationem
875 1946 958 1972 multi
977 1955 993 1972 a
1013 1946 1128 1972 diversis
1148 1946 1276 1980 partibus
1300 1955 1438 1980 repugna—

127 1982 206 2010 bant.
230 1984 324 2017 Locos,
339 1985 388 2011 ubi
402 1985 531 2019 magistri
546 1985 658 2011 dicendi
673 1986 776 2012 diserte
791 1985 980 2020 increpantur,
995 1987 1111 2021 collegit
1125 1987 1239 2013 Norden
1253 1987 1294 2013 l.l.
1305 1990 1390 2021 p.223
1397 1996 1437 2020 sq.

129 2023 300 2056 (addendum
320 2024 360 2051 De
376 2024 419 2051 Or.
436 2025 446 2050 Ι
462 2027 506 2059 52)
526 2025 575 2051 sed
594 2026 708 2052 attende
728 2026 764 2051 ad
783 2026 795 2052 Ι
812 2029 856 2052 19:
882 2026 999 2060 „Neque
1019 2027 1058 2053 eis
1083 2029 1134 2053 aut
1157 2027 1316 2061 praeceptis
1340 2026 1438 2061 (libros

130 2062 282 2090 rhetoricos
304 2064 383 2098 dicit)
407 2066 457 2091 aut
479 2066 622 2098 magistris
647 2067 696 2092 aut
719 2066 979 2099 exercitationibus,
1003 2067 1105 2100 quibus
1124 2068 1242 2093 utuntur
1261 2075 1364 2099 omnes,
1388 2067 1437 2093 sed

131 2103 197 2129 aliis
216 2104 383 2137 quibusdam
403 2113 432 2131 se
449 2105 487 2135 id„
509 2106 583 2139 quod
604 2107 746 2139 expetunt,
766 2106 898 2139 consequi
918 2115 998 2140 posse
1019 2107 1187 2133 confidant.“

219 2145 246 2177 2)
266 2143 306 2170 Cf.
322 2144 558 2172 Schlittenbauer:
583 2145 635 2171 Die
649 2145 778 2172 Tendenz
793 2154 845 2172 von
862 2146 971 2172 Ciceros
987 2146 1094 2172 Orator.
1122 2146 1218 2173 Jahrb.
1234 2146 1252 2173 f.
1269 2146 1348 2173 class.
1365 2146 1437 2173 Phil.

131 2182 272 2217 Supplem.
288 2183 401 2210 XXVIII
418 2186 542 2218 lessqq„
562 2184 611 2218 qui
630 2186 705 2212 recte
725 2185 854 2219 exposuit
878 2188 976 2212 contra
995 2186 1104 2212 Atticos
1123 2186 1269 2212 Oratorem
1293 2195 1352 2212 esse
1373 2195 1437 2212 con-

129 2224 273 2257 scriptum.
311 2223 364 2249 Sed
391 2232 446 2250 non
471 2224 543 2251 vidit
568 2224 727 2252 Ciceronem
755 2226 888 2252 terminos
917 2226 1117 2260 disputationis
1145 2227 1227 2260 longe
1256 2234 1437 2260 propagasse.

128 2263 206 2289 Inter
223 2271 346 2295 causam,
365 2271 421 2297 qua
440 2264 475 2290 ad
496 2265 674 2291 scribendum
692 2266 830 2299 impulsus
850 2268 900 2298 est,
920 2268 948 2292 et
966 2266 1113 2298 rationem,
1133 2275 1188 2299 qua
1208 2268 1349 2293 certamen
1363 2268 1437 2293 trac-

128 2303 209 2336 tavit,
228 2303 303 2329 idem
323 2303 448 2337 interest,
467 2304 542 2338 quod
560 2304 634 2331 inter
652 2307 741 2331 totam
759 2305 887 2332 arborem
907 2307 934 2332 et
953 2306 1084 2332 radicem.

1187 2351 1221 2376 70¹
