<?xml version="1.0" encoding="UTF-8"?>
<!DOCTYPE html PUBLIC "-//W3C//DTD XHTML 1.0 Transitional//EN"
    "http://www.w3.org/TR/xhtml1/DTD/xhtml1-transitional.dtd">
<html xmlns="http://www.w3.org/1999/xhtml" xml:lang="en" lang="en">
 <head>
  <title>
</title>
<meta http-equiv="Content-Type" content="text/html;charset=utf-8" />
  <meta name='ocr-system' content='tesseract 3.04.00' />
  <meta name='ocr-capabilities' content='ocr_page ocr_carea ocr_par ocr_line ocrx_word'/>
</head>
<body>
  <div class='ocr_page' id='page_1' title='image "./detheophrastivir00strouoft_0093.png"; bbox 0 0 1566 2592; ppageno 0'>
   <div class='ocr_carea' id='block_1_1' title="bbox 245 127 1377 163">
    <p class='ocr_par' dir='ltr' id='par_1_1' title="bbox 245 127 1377 163">
     <span class='ocr_line' id='line_1_1' title="bbox 245 127 1377 163; baseline -0.003 -6"><span class='ocrx_word' id='word_1_1' title='bbox 245 130 286 157; x_wconf 82' lang='lat' dir='ltr'>De</span> <span class='ocrx_word' id='word_1_2' title='bbox 305 130 439 157; x_wconf 86' lang='lat' dir='ltr'>virtutum</span> <span class='ocrx_word' id='word_1_3' title='bbox 459 129 572 156; x_wconf 87' lang='lat' dir='ltr'>dicendi</span> <span class='ocrx_word' id='word_1_4' title='bbox 591 130 620 156; x_wconf 92' lang='lat' dir='ltr'>in</span> <span class='ocrx_word' id='word_1_5' title='bbox 640 129 752 163; x_wconf 86' lang='lat' dir='ltr'>scriptis</span> <span class='ocrx_word' id='word_1_6' title='bbox 773 128 877 155; x_wconf 85' lang='lat' dir='ltr'>criticis</span> <span class='ocrx_word' id='word_1_7' title='bbox 896 137 948 155; x_wconf 87' lang='lat' dir='ltr'>usu</span> <span class='ocrx_word' id='word_1_8' title='bbox 968 130 1052 162; x_wconf 84' lang='lat' dir='ltr'>atque</span> <span class='ocrx_word' id='word_1_9' title='bbox 1070 128 1187 155; x_wconf 81' lang='lat' dir='ltr'>rationo.</span> <span class='ocrx_word' id='word_1_10' title='bbox 1333 127 1377 159; x_wconf 85' lang='lat'>83</span> 
     </span>
    </p>
   </div>
   <div class='ocr_carea' id='block_1_2' title="bbox 68 209 1384 1797">
    <p class='ocr_par' dir='ltr' id='par_1_2' title="bbox 68 209 1384 1797">
     <span class='ocr_line' id='line_1_2' title="bbox 73 209 1381 254; baseline -0.004 -9"><span class='ocrx_word' id='word_1_11' title='bbox 73 213 158 254; x_wconf 87' lang='lat' dir='ltr'>dem,</span> <span class='ocrx_word' id='word_1_12' title='bbox 183 222 256 244; x_wconf 86' lang='lat' dir='ltr'>cum</span> <span class='ocrx_word' id='word_1_13' title='bbox 275 211 378 243; x_wconf 89' lang='lat' dir='ltr'>Bruto</span> <span class='ocrx_word' id='word_1_14' title='bbox 402 211 515 243; x_wconf 82' lang='lat' dir='ltr'>cedens</span> <span class='ocrx_word' id='word_1_15' title='bbox 540 210 578 242; x_wconf 91' lang='lat' dir='ltr'>de</span> <span class='ocrx_word' id='word_1_16' title='bbox 602 221 660 242; x_wconf 83' lang='lat' dir='ltr'>sua</span> <span class='ocrx_word' id='word_1_17' title='bbox 683 210 836 242; x_wconf 74' lang='lat' dir='ltr'>facultate</span> <span class='ocrx_word' id='word_1_18' title='bbox 856 210 981 241; x_wconf 89' lang='lat' dir='ltr'>dicendi</span> <span class='ocrx_word' id='word_1_19' title='bbox 1001 211 1156 242; x_wconf 88' lang='lat' dir='ltr'>nonnulla</span> <span class='ocrx_word' id='word_1_20' title='bbox 1174 209 1272 241; x_wconf 82' lang='lat' dir='ltr'>verba</span> <span class='ocrx_word' id='word_1_21' title='bbox 1293 209 1381 250; x_wconf 86' lang='lat' dir='ltr'>facit,</span> 
     </span>
     <span class='ocr_line' id='line_1_3' title="bbox 71 262 1381 308; baseline -0.004 -10"><span class='ocrx_word' id='word_1_22' title='bbox 71 267 195 308; x_wconf 85' lang='lat' dir='ltr'>partem</span> <span class='ocrx_word' id='word_1_23' title='bbox 214 264 404 297; x_wconf 73' lang='lat' dir='ltr'><strong>elocutionis</strong></span> <span class='ocrx_word' id='word_1_24' title='bbox 423 265 547 295; x_wconf 86' lang='lat' dir='ltr'>tractat.</span> <span class='ocrx_word' id='word_1_25' title='bbox 555 263 580 306; x_wconf 91' lang='lat'>¹)</span> <span class='ocrx_word' id='word_1_26' title='bbox 611 262 690 294; x_wconf 88' lang='lat' dir='ltr'>Cum</span> <span class='ocrx_word' id='word_1_27' title='bbox 710 263 811 305; x_wconf 88' lang='lat' dir='ltr'>igitur</span> <span class='ocrx_word' id='word_1_28' title='bbox 829 274 848 294; x_wconf 89' lang='lat' dir='ltr'>a</span> <span class='ocrx_word' id='word_1_29' title='bbox 868 262 996 294; x_wconf 84' lang='lat' dir='ltr'>Graecis</span> <span class='ocrx_word' id='word_1_30' title='bbox 1015 262 1198 294; x_wconf 78' lang='lat' dir='ltr'>rhetoribus</span> <span class='ocrx_word' id='word_1_31' title='bbox 1222 262 1381 294; x_wconf 86' lang='lat' dir='ltr'>rationem</span> 
     </span>
     <span class='ocr_line' id='line_1_4' title="bbox 70 315 1381 359; baseline -0.004 -8"><span class='ocrx_word' id='word_1_32' title='bbox 70 319 228 351; x_wconf 87' lang='lat' dir='ltr'>librorum</span> <span class='ocrx_word' id='word_1_33' title='bbox 251 317 327 359; x_wconf 79' lang='grc' dir='ltr'><em>περὶ</em></span> <span class='ocrx_word' id='word_1_34' title='bbox 353 318 516 359; x_wconf 83' lang='grc' dir='ltr'>μιμήσεως</span> <span class='ocrx_word' id='word_1_35' title='bbox 542 318 708 348; x_wconf 87' lang='lat' dir='ltr'>mutuatus</span> <span class='ocrx_word' id='word_1_36' title='bbox 734 316 777 347; x_wconf 89' lang='lat' dir='ltr'>sit</span> <span class='ocrx_word' id='word_1_37' title='bbox 803 316 843 347; x_wconf 88' lang='lat' dir='ltr'>ad</span> <span class='ocrx_word' id='word_1_38' title='bbox 869 316 988 347; x_wconf 87' lang='lat' dir='ltr'>iudicia</span> <span class='ocrx_word' id='word_1_39' title='bbox 1014 316 1052 347; x_wconf 91' lang='lat' dir='ltr'>de</span> <span class='ocrx_word' id='word_1_40' title='bbox 1078 315 1237 347; x_wconf 87' lang='lat' dir='ltr'>veteribus</span> <span class='ocrx_word' id='word_1_41' title='bbox 1256 315 1381 347; x_wconf 81' lang='lat' dir='ltr'>Latinis</span> 
     </span>
     <span class='ocr_line' id='line_1_5' title="bbox 71 368 1382 412; baseline -0.003 -8"><span class='ocrx_word' id='word_1_42' title='bbox 71 371 253 404; x_wconf 82' lang='lat' dir='ltr'>oratoribus</span> <span class='ocrx_word' id='word_1_43' title='bbox 271 370 410 411; x_wconf 85' lang='lat' dir='ltr'>ferenda,</span> <span class='ocrx_word' id='word_1_44' title='bbox 428 380 508 411; x_wconf 89' lang='lat' dir='ltr'>quos</span> <span class='ocrx_word' id='word_1_45' title='bbox 528 369 597 411; x_wconf 87' lang='lat' dir='ltr'>ipse</span> <span class='ocrx_word' id='word_1_46' title='bbox 616 369 796 401; x_wconf 75' lang='lat' dir='ltr'>imitatione</span> <span class='ocrx_word' id='word_1_47' title='bbox 816 369 930 412; x_wconf 87' lang='lat' dir='ltr'>dignos</span> <span class='ocrx_word' id='word_1_48' title='bbox 950 380 1015 401; x_wconf 88' lang='lat' dir='ltr'>non</span> <span class='ocrx_word' id='word_1_49' title='bbox 1034 369 1230 400; x_wconf 84' lang='lat' dir='ltr'>existimavit</span> <span class='ocrx_word' id='word_1_50' title='bbox 1249 368 1289 400; x_wconf 87' lang='lat' dir='ltr'>iis</span> <span class='ocrx_word' id='word_1_51' title='bbox 1304 370 1382 400; x_wconf 88' lang='lat' dir='ltr'>tem-</span> 
     </span>
     <span class='ocr_line' id='line_1_6' title="bbox 70 421 1382 466; baseline -0.003 -9"><span class='ocrx_word' id='word_1_52' title='bbox 70 425 217 466; x_wconf 84' lang='lat' dir='ltr'>poribus,</span> <span class='ocrx_word' id='word_1_53' title='bbox 238 435 319 466; x_wconf 81' lang='lat' dir='ltr'>quae</span> <span class='ocrx_word' id='word_1_54' title='bbox 338 423 401 455; x_wconf 83' lang='lat' dir='ltr'>iam</span> <span class='ocrx_word' id='word_1_55' title='bbox 421 423 591 455; x_wconf 82' lang='lat' dir='ltr'>Marcellos</span> <span class='ocrx_word' id='word_1_56' title='bbox 610 422 773 463; x_wconf 84' lang='lat' dir='ltr'>viderunt,</span> <span class='ocrx_word' id='word_1_57' title='bbox 792 422 998 461; x_wconf 79' lang='lat' dir='ltr'>Hortensios,</span> <span class='ocrx_word' id='word_1_58' title='bbox 1019 421 1168 454; x_wconf 82' lang='lat' dir='ltr'>Caesares</span> <span class='ocrx_word' id='word_1_59' title='bbox 1175 448 1183 464; x_wconf 90' lang='lat'>,</span> <span class='ocrx_word' id='word_1_60' title='bbox 1203 421 1382 464; x_wconf 87' lang='lat' dir='ltr'>Cicerones,</span> 
     </span>
     <span class='ocr_line' id='line_1_7' title="bbox 70 475 1381 517; baseline -0.002 -8"><span class='ocrx_word' id='word_1_61' title='bbox 70 478 104 510; x_wconf 91' lang='lat' dir='ltr'>in</span> <span class='ocrx_word' id='word_1_62' title='bbox 123 477 360 509; x_wconf 77' lang='lat' dir='ltr'>simulationem</span> <span class='ocrx_word' id='word_1_63' title='bbox 381 476 539 517; x_wconf 86' lang='lat' dir='ltr'>quandam</span> <span class='ocrx_word' id='word_1_64' title='bbox 559 478 591 507; x_wconf 89' lang='lat' dir='ltr'>et</span> <span class='ocrx_word' id='word_1_65' title='bbox 609 476 771 508; x_wconf 82' lang='lat' dir='ltr'>fallaciam</span> <span class='ocrx_word' id='word_1_66' title='bbox 791 475 917 516; x_wconf 83' lang='lat' dir='ltr'>incidit,</span> <span class='ocrx_word' id='word_1_67' title='bbox 943 486 1005 517; x_wconf 88' lang='lat' dir='ltr'>qua</span> <span class='ocrx_word' id='word_1_68' title='bbox 1028 486 1068 506; x_wconf 93' lang='lat' dir='ltr'>ne</span> <span class='ocrx_word' id='word_1_69' title='bbox 1092 475 1260 516; x_wconf 88' lang='lat' dir='ltr'>imperitos</span> <span class='ocrx_word' id='word_1_70' title='bbox 1283 475 1316 506; x_wconf 89' lang='lat' dir='ltr'>in</span> <span class='ocrx_word' id='word_1_71' title='bbox 1335 486 1381 506; x_wconf 92' lang='lat' dir='ltr'>er-</span> 
     </span>
     <span class='ocr_line' id='line_1_8' title="bbox 69 528 1382 572; baseline -0.002 -10"><span class='ocrx_word' id='word_1_72' title='bbox 69 541 173 562; x_wconf 86' lang='lat' dir='ltr'>rorem</span> <span class='ocrx_word' id='word_1_73' title='bbox 198 530 341 569; x_wconf 86' lang='lat' dir='ltr'>duceret,</span> <span class='ocrx_word' id='word_1_74' title='bbox 365 531 434 572; x_wconf 89' lang='lat' dir='ltr'>ipse</span> <span class='ocrx_word' id='word_1_75' title='bbox 458 529 578 561; x_wconf 87' lang='lat' dir='ltr'>veritus</span> <span class='ocrx_word' id='word_1_76' title='bbox 602 529 729 561; x_wconf 83' lang='lat' dir='ltr'>videtur</span> <span class='ocrx_word' id='word_1_77' title='bbox 752 540 827 561; x_wconf 90' lang='lat' dir='ltr'>esse.</span> <span class='ocrx_word' id='word_1_78' title='bbox 857 528 1035 570; x_wconf 85' lang='lat' dir='ltr'>Postquam</span> <span class='ocrx_word' id='word_1_79' title='bbox 1060 528 1144 560; x_wconf 88' lang='lat' dir='ltr'>enim</span> <span class='ocrx_word' id='word_1_80' title='bbox 1169 530 1291 559; x_wconf 87' lang='lat' dir='ltr'>veteres</span> <span class='ocrx_word' id='word_1_81' title='bbox 1313 539 1382 560; x_wconf 79' lang='lat' dir='ltr'>ora-</span> 
     </span>
     <span class='ocr_line' id='line_1_9' title="bbox 69 581 1381 625; baseline -0.002 -10"><span class='ocrx_word' id='word_1_82' title='bbox 69 585 156 615; x_wconf 84' lang='lat' dir='ltr'>tores</span> <span class='ocrx_word' id='word_1_83' title='bbox 184 583 367 625; x_wconf 84' lang='lat' dir='ltr'>percensuit</span> <span class='ocrx_word' id='word_1_84' title='bbox 396 585 427 614; x_wconf 90' lang='lat' dir='ltr'>et</span> <span class='ocrx_word' id='word_1_85' title='bbox 455 583 493 615; x_wconf 87' lang='lat' dir='ltr'>de</span> <span class='ocrx_word' id='word_1_86' title='bbox 512 581 633 614; x_wconf 87' lang='lat' dir='ltr'>Atticis</span> <span class='ocrx_word' id='word_1_87' title='bbox 661 582 891 624; x_wconf 78' lang='lat' dir='ltr'>digressionem</span> <span class='ocrx_word' id='word_1_88' title='bbox 921 581 1082 621; x_wconf 83' lang='lat' dir='ltr'>adiunxit,</span> <span class='ocrx_word' id='word_1_89' title='bbox 1109 592 1174 613; x_wconf 93' lang='lat' dir='ltr'>non</span> <span class='ocrx_word' id='word_1_90' title='bbox 1204 582 1313 613; x_wconf 87' lang='lat' dir='ltr'>statim</span> <span class='ocrx_word' id='word_1_91' title='bbox 1342 581 1381 612; x_wconf 90' lang='lat' dir='ltr'>ad</span> 
     </span>
     <span class='ocr_line' id='line_1_10' title="bbox 69 634 1382 678; baseline -0.001 -10"><span class='ocrx_word' id='word_1_92' title='bbox 69 636 278 668; x_wconf 85' lang='lat' dir='ltr'>Hortensium</span> <span class='ocrx_word' id='word_1_93' title='bbox 304 638 336 667; x_wconf 92' lang='lat' dir='ltr'>et</span> <span class='ocrx_word' id='word_1_94' title='bbox 359 647 393 667; x_wconf 87' lang='lat' dir='ltr'>se</span> <span class='ocrx_word' id='word_1_95' title='bbox 416 636 522 677; x_wconf 89' lang='lat' dir='ltr'>ipsum</span> <span class='ocrx_word' id='word_1_96' title='bbox 545 635 628 667; x_wconf 86' lang='lat' dir='ltr'>redit</span> <span class='ocrx_word' id='word_1_97' title='bbox 649 635 752 678; x_wconf 84' lang='lat' dir='ltr'>(Brut.</span> <span class='ocrx_word' id='word_1_98' title='bbox 768 635 847 677; x_wconf 78' lang='lat'>279,</span> <span class='ocrx_word' id='word_1_99' title='bbox 862 634 957 678; x_wconf 85' lang='lat'>301),</span> <span class='ocrx_word' id='word_1_100' title='bbox 981 635 1036 667; x_wconf 89' lang='lat' dir='ltr'>sed</span> <span class='ocrx_word' id='word_1_101' title='bbox 1055 634 1201 667; x_wconf 90' lang='lat' dir='ltr'>Atticum</span> <span class='ocrx_word' id='word_1_102' title='bbox 1227 646 1319 666; x_wconf 89' lang='lat' dir='ltr'>suum</span> <span class='ocrx_word' id='word_1_103' title='bbox 1343 635 1382 667; x_wconf 87' lang='lat' dir='ltr'>de</span> 
     </span>
     <span class='ocr_line' id='line_1_11' title="bbox 68 687 1381 731; baseline -0.002 -10"><span class='ocrx_word' id='word_1_104' title='bbox 68 691 213 721; x_wconf 85' lang='lat' dir='ltr'>veterum</span> <span class='ocrx_word' id='word_1_105' title='bbox 233 690 414 721; x_wconf 85' lang='lat' dir='ltr'>imitatione</span> <span class='ocrx_word' id='word_1_106' title='bbox 433 690 511 721; x_wconf 84' lang='lat' dir='ltr'>facit</span> <span class='ocrx_word' id='word_1_107' title='bbox 525 689 784 731; x_wconf 85' lang='lat' dir='ltr'>interpellantem</span> <span class='ocrx_word' id='word_1_108' title='bbox 799 687 1016 731; x_wconf 75' lang='lat'>(292—301),</span> <span class='ocrx_word' id='word_1_109' title='bbox 1036 689 1126 720; x_wconf 86' lang='lat' dir='ltr'>cuius</span> <span class='ocrx_word' id='word_1_110' title='bbox 1141 688 1247 729; x_wconf 87' lang='lat' dir='ltr'>verba,</span> <span class='ocrx_word' id='word_1_111' title='bbox 1267 689 1294 719; x_wconf 91' lang='lat' dir='ltr'>si</span> <span class='ocrx_word' id='word_1_112' title='bbox 1313 688 1381 719; x_wconf 91' lang='lat' dir='ltr'>ficti</span> 
     </span>
     <span class='ocr_line' id='line_1_12' title="bbox 69 741 1383 784; baseline -0.002 -10"><span class='ocrx_word' id='word_1_113' title='bbox 69 743 226 774; x_wconf 89' lang='lat' dir='ltr'>sermonis</span> <span class='ocrx_word' id='word_1_114' title='bbox 245 753 414 784; x_wconf 85' lang='lat' dir='ltr'>personam</span> <span class='ocrx_word' id='word_1_115' title='bbox 434 742 643 783; x_wconf 72' lang='lat' dir='ltr'>detrahimus,</span> <span class='ocrx_word' id='word_1_116' title='bbox 666 741 830 774; x_wconf 84' lang='lat' dir='ltr'>Ciceronis</span> <span class='ocrx_word' id='word_1_117' title='bbox 849 742 951 784; x_wconf 87' lang='lat' dir='ltr'>ipsius</span> <span class='ocrx_word' id='word_1_118' title='bbox 972 742 1063 783; x_wconf 83' lang='lat' dir='ltr'>quasi</span> <span class='ocrx_word' id='word_1_119' title='bbox 1083 741 1294 783; x_wconf 80' lang='lat' dir='ltr'>palinodiam,</span> <span class='ocrx_word' id='word_1_120' title='bbox 1319 752 1383 783; x_wconf 82' lang='lat' dir='ltr'>qua</span> 
     </span>
     <span class='ocr_line' id='line_1_13' title="bbox 69 794 1382 838; baseline -0.001 -11"><span class='ocrx_word' id='word_1_121' title='bbox 69 796 171 828; x_wconf 91' lang='lat' dir='ltr'>libelli</span> <span class='ocrx_word' id='word_1_122' title='bbox 191 796 240 827; x_wconf 90' lang='lat' dir='ltr'>sui</span> <span class='ocrx_word' id='word_1_123' title='bbox 261 795 400 827; x_wconf 85' lang='lat' dir='ltr'>indolem</span> <span class='ocrx_word' id='word_1_124' title='bbox 420 795 579 838; x_wconf 86' lang='lat' dir='ltr'>explicare</span> <span class='ocrx_word' id='word_1_125' title='bbox 598 798 631 827; x_wconf 93' lang='lat' dir='ltr'>et</span> <span class='ocrx_word' id='word_1_126' title='bbox 650 807 668 827; x_wconf 84' lang='lat' dir='ltr'>a</span> <span class='ocrx_word' id='word_1_127' title='bbox 692 796 774 827; x_wconf 85' lang='lat' dir='ltr'>falsa</span> <span class='ocrx_word' id='word_1_128' title='bbox 797 795 1061 837; x_wconf 84' lang='lat' dir='ltr'>interpretatione</span> <span class='ocrx_word' id='word_1_129' title='bbox 1085 794 1253 827; x_wconf 84' lang='lat' dir='ltr'>defendere</span> <span class='ocrx_word' id='word_1_130' title='bbox 1277 794 1382 826; x_wconf 91' lang='lat' dir='ltr'>stude-</span> 
     </span>
     <span class='ocr_line' id='line_1_14' title="bbox 69 848 1384 890; baseline -0.001 -10"><span class='ocrx_word' id='word_1_131' title='bbox 69 849 135 890; x_wconf 93' lang='lat' dir='ltr'>bat,</span> <span class='ocrx_word' id='word_1_132' title='bbox 158 860 216 880; x_wconf 92' lang='lat' dir='ltr'>nos</span> <span class='ocrx_word' id='word_1_133' title='bbox 236 849 419 881; x_wconf 82' lang='lat' dir='ltr'>existimare</span> <span class='ocrx_word' id='word_1_134' title='bbox 438 849 522 881; x_wconf 90' lang='lat' dir='ltr'>licet.</span> <span class='ocrx_word' id='word_1_135' title='bbox 551 848 634 880; x_wconf 87' lang='lat' dir='ltr'>Nam</span> <span class='ocrx_word' id='word_1_136' title='bbox 661 859 730 881; x_wconf 88' lang='lat' dir='ltr'>sera</span> <span class='ocrx_word' id='word_1_137' title='bbox 754 848 881 880; x_wconf 89' lang='lat' dir='ltr'>demum</span> <span class='ocrx_word' id='word_1_138' title='bbox 906 850 994 880; x_wconf 86' lang='lat' dir='ltr'>aetas</span> <span class='ocrx_word' id='word_1_139' title='bbox 1019 848 1111 880; x_wconf 86' lang='lat' dir='ltr'>senili</span> <span class='ocrx_word' id='word_1_140' title='bbox 1135 860 1192 880; x_wconf 87' lang='lat' dir='ltr'>sua</span> <span class='ocrx_word' id='word_1_141' title='bbox 1216 848 1384 880; x_wconf 88' lang='lat' dir='ltr'>debilitate</span> 
     </span>
     <span class='ocr_line' id='line_1_15' title="bbox 69 900 1382 943; baseline -0.001 -9"><span class='ocrx_word' id='word_1_142' title='bbox 69 902 109 933; x_wconf 82' lang='lat' dir='ltr'>ad</span> <span class='ocrx_word' id='word_1_143' title='bbox 128 903 254 934; x_wconf 87' lang='lat' dir='ltr'>tantum</span> <span class='ocrx_word' id='word_1_144' title='bbox 275 904 307 934; x_wconf 88' lang='lat' dir='ltr'>et</span> <span class='ocrx_word' id='word_1_145' title='bbox 325 905 391 934; x_wconf 90' lang='lat' dir='ltr'>tam</span> <span class='ocrx_word' id='word_1_146' title='bbox 411 913 540 934; x_wconf 85' lang='lat' dir='ltr'>caecum</span> <span class='ocrx_word' id='word_1_147' title='bbox 555 902 759 943; x_wconf 85' lang='lat' dir='ltr'>antiquitatis</span> <span class='ocrx_word' id='word_1_148' title='bbox 774 913 914 933; x_wconf 90' lang='lat' dir='ltr'>amorem</span> <span class='ocrx_word' id='word_1_149' title='bbox 930 902 1084 943; x_wconf 87' lang='lat' dir='ltr'>perducta</span> <span class='ocrx_word' id='word_1_150' title='bbox 1099 904 1156 943; x_wconf 87' lang='lat' dir='ltr'>est,</span> <span class='ocrx_word' id='word_1_151' title='bbox 1176 903 1212 933; x_wconf 93' lang='lat' dir='ltr'>ut</span> <span class='ocrx_word' id='word_1_152' title='bbox 1227 900 1382 934; x_wconf 89' lang='lat' dir='ltr'>Catonem</span> 
     </span>
     <span class='ocr_line' id='line_1_16' title="bbox 69 954 1381 997; baseline -0.001 -10"><span class='ocrx_word' id='word_1_153' title='bbox 69 955 273 997; x_wconf 84' lang='lat' dir='ltr'>reliquosque</span> <span class='ocrx_word' id='word_1_154' title='bbox 293 955 429 987; x_wconf 90' lang='lat' dir='ltr'>disertos</span> <span class='ocrx_word' id='word_1_155' title='bbox 448 956 535 996; x_wconf 83' lang='lat' dir='ltr'>illos,</span> <span class='ocrx_word' id='word_1_156' title='bbox 558 967 638 997; x_wconf 92' lang='lat' dir='ltr'>quos</span> <span class='ocrx_word' id='word_1_157' title='bbox 659 956 878 997; x_wconf 89' lang='lat' dir='ltr'>eloquentium</span> <span class='ocrx_word' id='word_1_158' title='bbox 898 956 1028 987; x_wconf 91' lang='lat' dir='ltr'>nomine</span> <span class='ocrx_word' id='word_1_159' title='bbox 1047 955 1198 997; x_wconf 88' lang='lat' dir='ltr'>indignos</span> <span class='ocrx_word' id='word_1_160' title='bbox 1218 954 1381 987; x_wconf 89' lang='lat' dir='ltr'>Antonius</span> 
     </span>
     <span class='ocr_line' id='line_1_17' title="bbox 69 1007 1382 1051; baseline 0 -11"><span class='ocrx_word' id='word_1_161' title='bbox 69 1009 209 1051; x_wconf 83' lang='lat' dir='ltr'>putavit,</span> <span class='ocrx_word' id='word_1_162' title='bbox 232 1009 271 1040; x_wconf 82' lang='lat' dir='ltr'>ad</span> <span class='ocrx_word' id='word_1_163' title='bbox 295 1019 402 1041; x_wconf 85' lang='lat' dir='ltr'>veram</span> <span class='ocrx_word' id='word_1_164' title='bbox 422 1009 635 1040; x_wconf 88' lang='lat' dir='ltr'>imitationem</span> <span class='ocrx_word' id='word_1_165' title='bbox 656 1009 834 1040; x_wconf 83' lang='lat' dir='ltr'>advocaret.</span> <span class='ocrx_word' id='word_1_166' title='bbox 868 1008 977 1040; x_wconf 87' lang='lat' dir='ltr'>Cicero</span> <span class='ocrx_word' id='word_1_167' title='bbox 997 1019 1069 1040; x_wconf 82' lang='lat' dir='ltr'>eum</span> <span class='ocrx_word' id='word_1_168' title='bbox 1090 1008 1242 1040; x_wconf 89' lang='lat' dir='ltr'>Catonem</span> <span class='ocrx_word' id='word_1_169' title='bbox 1262 1007 1382 1040; x_wconf 88' lang='lat' dir='ltr'>Atticis</span> 
     </span>
     <span class='ocr_line' id='line_1_18' title="bbox 69 1061 1383 1104; baseline 0 -11"><span class='ocrx_word' id='word_1_170' title='bbox 69 1072 129 1103; x_wconf 88' lang='lat' dir='ltr'>pro</span> <span class='ocrx_word' id='word_1_171' title='bbox 151 1061 246 1104; x_wconf 81' lang='lat' dir='ltr'>Lysia</span> <span class='ocrx_word' id='word_1_172' title='bbox 273 1062 524 1104; x_wconf 89' lang='lat' dir='ltr'>commendaret,</span> <span class='ocrx_word' id='word_1_173' title='bbox 547 1073 682 1104; x_wconf 86' lang='lat' dir='ltr'>pravum</span> <span class='ocrx_word' id='word_1_174' title='bbox 707 1073 817 1094; x_wconf 89' lang='lat' dir='ltr'>eorum</span> <span class='ocrx_word' id='word_1_175' title='bbox 842 1062 985 1094; x_wconf 87' lang='lat' dir='ltr'>studium</span> <span class='ocrx_word' id='word_1_176' title='bbox 1011 1062 1078 1094; x_wconf 88' lang='lat' dir='ltr'>sine</span> <span class='ocrx_word' id='word_1_177' title='bbox 1102 1062 1200 1093; x_wconf 92' lang='lat' dir='ltr'>dubio</span> <span class='ocrx_word' id='word_1_178' title='bbox 1226 1062 1259 1093; x_wconf 90' lang='lat' dir='ltr'>in</span> <span class='ocrx_word' id='word_1_179' title='bbox 1283 1062 1383 1094; x_wconf 89' lang='lat' dir='ltr'>risum</span> 
     </span>
     <span class='ocr_line' id='line_1_19' title="bbox 68 1114 1382 1155; baseline -0.001 -8"><span class='ocrx_word' id='word_1_180' title='bbox 68 1115 173 1147; x_wconf 83' lang='lat' dir='ltr'>voluit</span> <span class='ocrx_word' id='word_1_181' title='bbox 187 1117 385 1155; x_wconf 80' lang='lat' dir='ltr'>convertere3</span> <span class='ocrx_word' id='word_1_182' title='bbox 403 1115 563 1147; x_wconf 75' lang='lat' dir='ltr'>neminem</span> <span class='ocrx_word' id='word_1_183' title='bbox 579 1126 654 1147; x_wconf 89' lang='lat' dir='ltr'>vero</span> <span class='ocrx_word' id='word_1_184' title='bbox 673 1117 742 1147; x_wconf 89' lang='lat' dir='ltr'>tum</span> <span class='ocrx_word' id='word_1_185' title='bbox 761 1115 860 1147; x_wconf 89' lang='lat' dir='ltr'>fuisse</span> <span class='ocrx_word' id='word_1_186' title='bbox 876 1114 996 1146; x_wconf 86' lang='lat' dir='ltr'>Romae</span> <span class='ocrx_word' id='word_1_187' title='bbox 1011 1115 1264 1147; x_wconf 88' lang='lat' dir='ltr'>concludendum</span> <span class='ocrx_word' id='word_1_188' title='bbox 1280 1117 1328 1147; x_wconf 86' lang='lat' dir='ltr'>est</span> <span class='ocrx_word' id='word_1_189' title='bbox 1341 1126 1382 1147; x_wconf 87' lang='lat' dir='ltr'>ne</span> 
     </span>
     <span class='ocr_line' id='line_1_20' title="bbox 69 1167 1381 1210; baseline 0 -10"><span class='ocrx_word' id='word_1_190' title='bbox 69 1169 154 1200; x_wconf 88' lang='lat' dir='ltr'>inter</span> <span class='ocrx_word' id='word_1_191' title='bbox 176 1167 304 1201; x_wconf 88' lang='lat' dir='ltr'>Atticos</span> <span class='ocrx_word' id='word_1_192' title='bbox 333 1168 475 1210; x_wconf 83' lang='lat' dir='ltr'>quidem,</span> <span class='ocrx_word' id='word_1_193' title='bbox 504 1169 560 1210; x_wconf 89' lang='lat' dir='ltr'>qui</span> <span class='ocrx_word' id='word_1_194' title='bbox 588 1180 699 1201; x_wconf 85' lang='lat' dir='ltr'>revera</span> <span class='ocrx_word' id='word_1_195' title='bbox 723 1168 853 1200; x_wconf 89' lang='lat' dir='ltr'>Catonis</span> <span class='ocrx_word' id='word_1_196' title='bbox 883 1168 1096 1200; x_wconf 87' lang='lat' dir='ltr'>imitationem</span> <span class='ocrx_word' id='word_1_197' title='bbox 1125 1169 1245 1200; x_wconf 87' lang='lat' dir='ltr'>oratori</span> <span class='ocrx_word' id='word_1_198' title='bbox 1269 1169 1381 1200; x_wconf 89' lang='lat' dir='ltr'>utilem</span> 
     </span>
     <span class='ocr_line' id='line_1_21' title="bbox 70 1221 1382 1264; baseline 0 -11"><span class='ocrx_word' id='word_1_199' title='bbox 70 1223 206 1264; x_wconf 87' lang='lat' dir='ltr'>putaret.</span> <span class='ocrx_word' id='word_1_200' title='bbox 236 1221 298 1254; x_wconf 83' lang='lat' dir='ltr'>Sed</span> <span class='ocrx_word' id='word_1_201' title='bbox 322 1221 444 1254; x_wconf 85' lang='lat' dir='ltr'>ironiae</span> <span class='ocrx_word' id='word_1_202' title='bbox 467 1222 595 1254; x_wconf 86' lang='lat' dir='ltr'>fallacia</span> <span class='ocrx_word' id='word_1_203' title='bbox 619 1223 716 1254; x_wconf 87' lang='lat' dir='ltr'>etiam</span> <span class='ocrx_word' id='word_1_204' title='bbox 735 1224 864 1254; x_wconf 86' lang='lat' dir='ltr'>nostrae</span> <span class='ocrx_word' id='word_1_205' title='bbox 884 1222 999 1254; x_wconf 89' lang='lat' dir='ltr'>aetatis</span> <span class='ocrx_word' id='word_1_206' title='bbox 1019 1222 1208 1263; x_wconf 88' lang='lat' dir='ltr'>interpretes</span> <span class='ocrx_word' id='word_1_207' title='bbox 1233 1222 1382 1254; x_wconf 89' lang='lat' dir='ltr'>nonnulli</span> 
     </span>
     <span class='ocr_line' id='line_1_22' title="bbox 71 1274 1381 1317; baseline 0 -11"><span class='ocrx_word' id='word_1_208' title='bbox 71 1275 195 1317; x_wconf 89' lang='lat' dir='ltr'>decepti</span> <span class='ocrx_word' id='word_1_209' title='bbox 221 1277 303 1307; x_wconf 88' lang='lat' dir='ltr'>sunt.</span> <span class='ocrx_word' id='word_1_210' title='bbox 341 1274 420 1306; x_wconf 89' lang='lat' dir='ltr'>Cum</span> <span class='ocrx_word' id='word_1_211' title='bbox 446 1275 550 1307; x_wconf 90' lang='lat' dir='ltr'>ironia</span> <span class='ocrx_word' id='word_1_212' title='bbox 575 1276 660 1307; x_wconf 88' lang='lat' dir='ltr'>enim</span> <span class='ocrx_word' id='word_1_213' title='bbox 689 1275 852 1307; x_wconf 85' lang='lat' dir='ltr'>Socratica</span> <span class='ocrx_word' id='word_1_214' title='bbox 877 1275 1006 1307; x_wconf 87' lang='lat' dir='ltr'>Atticus</span> <span class='ocrx_word' id='word_1_215' title='bbox 1034 1274 1196 1307; x_wconf 83' lang='lat' dir='ltr'>Ciceronis</span> <span class='ocrx_word' id='word_1_216' title='bbox 1222 1275 1381 1307; x_wconf 83' lang='lat' dir='ltr'>rationem</span> 
     </span>
     <span class='ocr_line' id='line_1_23' title="bbox 70 1328 1382 1370; baseline 0.001 -11"><span class='ocrx_word' id='word_1_217' title='bbox 70 1328 232 1361; x_wconf 85' lang='lat' dir='ltr'>iudicandi</span> <span class='ocrx_word' id='word_1_218' title='bbox 259 1331 432 1370; x_wconf 85' lang='lat' dir='ltr'>comparat.</span> <span class='ocrx_word' id='word_1_219' title='bbox 467 1329 608 1361; x_wconf 85' lang='lat' dir='ltr'>Maxime</span> <span class='ocrx_word' id='word_1_220' title='bbox 634 1330 667 1360; x_wconf 92' lang='lat' dir='ltr'>in</span> <span class='ocrx_word' id='word_1_221' title='bbox 694 1329 812 1361; x_wconf 88' lang='lat' dir='ltr'>iudicio</span> <span class='ocrx_word' id='word_1_222' title='bbox 840 1329 878 1360; x_wconf 86' lang='lat' dir='ltr'>de</span> <span class='ocrx_word' id='word_1_223' title='bbox 905 1328 1025 1360; x_wconf 85' lang='lat' dir='ltr'>Catone</span> <span class='ocrx_word' id='word_1_224' title='bbox 1051 1328 1177 1360; x_wconf 85' lang='lat' dir='ltr'>Tullius</span> <span class='ocrx_word' id='word_1_225' title='bbox 1203 1329 1231 1360; x_wconf 89' lang='lat' dir='ltr'>ei</span> <span class='ocrx_word' id='word_1_226' title='bbox 1260 1329 1382 1361; x_wconf 89' lang='lat' dir='ltr'>iocasse</span> 
     </span>
     <span class='ocr_line' id='line_1_24' title="bbox 70 1381 1381 1425; baseline 0 -12"><span class='ocrx_word' id='word_1_227' title='bbox 70 1382 198 1414; x_wconf 82' lang='lat' dir='ltr'>videtur</span> <span class='ocrx_word' id='word_1_228' title='bbox 217 1381 296 1424; x_wconf 80' lang='lat'>(293</span> <span class='ocrx_word' id='word_1_229' title='bbox 308 1381 378 1425; x_wconf 89' lang='lat' dir='ltr'>sq.).</span> <span class='ocrx_word' id='word_1_230' title='bbox 411 1381 560 1414; x_wconf 89' lang='lat' dir='ltr'>Summos</span> <span class='ocrx_word' id='word_1_231' title='bbox 581 1382 703 1423; x_wconf 87' lang='lat' dir='ltr'>deinde,</span> <span class='ocrx_word' id='word_1_232' title='bbox 723 1393 803 1423; x_wconf 92' lang='lat' dir='ltr'>quos</span> <span class='ocrx_word' id='word_1_233' title='bbox 822 1383 877 1414; x_wconf 88' lang='lat' dir='ltr'>ille</span> <span class='ocrx_word' id='word_1_234' title='bbox 897 1381 1053 1424; x_wconf 86' lang='lat' dir='ltr'>laudavit,</span> <span class='ocrx_word' id='word_1_235' title='bbox 1074 1382 1177 1414; x_wconf 87' lang='lat' dir='ltr'>denuo</span> <span class='ocrx_word' id='word_1_236' title='bbox 1198 1393 1294 1423; x_wconf 86' lang='lat' dir='ltr'>quam</span> <span class='ocrx_word' id='word_1_237' title='bbox 1312 1382 1381 1414; x_wconf 88' lang='lat' dir='ltr'>bre-</span> 
     </span>
     <span class='ocr_line' id='line_1_25' title="bbox 71 1435 1381 1477; baseline 0.001 -11"><span class='ocrx_word' id='word_1_238' title='bbox 71 1435 201 1467; x_wconf 85' lang='lat' dir='ltr'>vissime</span> <span class='ocrx_word' id='word_1_239' title='bbox 226 1437 405 1476; x_wconf 84' lang='lat' dir='ltr'>percenset,</span> <span class='ocrx_word' id='word_1_240' title='bbox 429 1437 466 1467; x_wconf 93' lang='lat' dir='ltr'>ut</span> <span class='ocrx_word' id='word_1_241' title='bbox 489 1446 528 1466; x_wconf 90' lang='lat' dir='ltr'>ne</span> <span class='ocrx_word' id='word_1_242' title='bbox 549 1435 670 1467; x_wconf 84' lang='lat' dir='ltr'>Galbae</span> <span class='ocrx_word' id='word_1_243' title='bbox 694 1438 726 1467; x_wconf 91' lang='lat' dir='ltr'>et</span> <span class='ocrx_word' id='word_1_244' title='bbox 746 1435 882 1477; x_wconf 89' lang='lat' dir='ltr'>Lepido,</span> <span class='ocrx_word' id='word_1_245' title='bbox 905 1447 945 1466; x_wconf 87' lang='lat' dir='ltr'>ne</span> <span class='ocrx_word' id='word_1_246' title='bbox 965 1435 1118 1467; x_wconf 87' lang='lat' dir='ltr'>Africano</span> <span class='ocrx_word' id='word_1_247' title='bbox 1143 1438 1175 1467; x_wconf 89' lang='lat' dir='ltr'>et</span> <span class='ocrx_word' id='word_1_248' title='bbox 1194 1435 1317 1476; x_wconf 86' lang='lat' dir='ltr'>Laelio,</span> <span class='ocrx_word' id='word_1_249' title='bbox 1341 1447 1381 1467; x_wconf 89' lang='lat' dir='ltr'>ne</span> 
     </span>
     <span class='ocr_line' id='line_1_26' title="bbox 71 1487 1381 1530; baseline 0.001 -11"><span class='ocrx_word' id='word_1_250' title='bbox 71 1487 210 1520; x_wconf 86' lang='lat' dir='ltr'>Carboni</span> <span class='ocrx_word' id='word_1_251' title='bbox 229 1491 260 1520; x_wconf 88' lang='lat' dir='ltr'>et</span> <span class='ocrx_word' id='word_1_252' title='bbox 281 1487 440 1530; x_wconf 83' lang='lat' dir='ltr'>Gracchis,</span> <span class='ocrx_word' id='word_1_253' title='bbox 458 1499 498 1520; x_wconf 91' lang='lat' dir='ltr'>ne</span> <span class='ocrx_word' id='word_1_254' title='bbox 519 1488 632 1520; x_wconf 83' lang='lat' dir='ltr'>Crasso</span> <span class='ocrx_word' id='word_1_255' title='bbox 653 1489 780 1530; x_wconf 89' lang='lat' dir='ltr'>quidem</span> <span class='ocrx_word' id='word_1_256' title='bbox 801 1492 833 1520; x_wconf 90' lang='lat' dir='ltr'>et</span> <span class='ocrx_word' id='word_1_257' title='bbox 851 1488 994 1520; x_wconf 90' lang='lat' dir='ltr'>Antonio</span> <span class='ocrx_word' id='word_1_258' title='bbox 1014 1489 1142 1530; x_wconf 81' lang='lat' dir='ltr'>plenam</span> <span class='ocrx_word' id='word_1_259' title='bbox 1162 1489 1289 1520; x_wconf 88' lang='lat' dir='ltr'>laudem</span> <span class='ocrx_word' id='word_1_260' title='bbox 1309 1499 1381 1520; x_wconf 87' lang='lat' dir='ltr'>con-</span> 
     </span>
     <span class='ocr_line' id='line_1_27' title="bbox 71 1541 1382 1585; baseline 0.001 -13"><span class='ocrx_word' id='word_1_261' title='bbox 71 1541 170 1582; x_wconf 86' lang='lat' dir='ltr'>cedat,</span> <span class='ocrx_word' id='word_1_262' title='bbox 189 1541 306 1573; x_wconf 90' lang='lat' dir='ltr'>nedum</span> <span class='ocrx_word' id='word_1_263' title='bbox 322 1542 370 1573; x_wconf 87' lang='lat' dir='ltr'>dis</span> <span class='ocrx_word' id='word_1_264' title='bbox 387 1541 547 1573; x_wconf 87' lang='lat' dir='ltr'>minorum</span> <span class='ocrx_word' id='word_1_265' title='bbox 562 1542 718 1585; x_wconf 86' lang='lat' dir='ltr'>gentium,</span> <span class='ocrx_word' id='word_1_266' title='bbox 737 1554 818 1584; x_wconf 89' lang='lat' dir='ltr'>quos</span> <span class='ocrx_word' id='word_1_267' title='bbox 839 1543 1025 1584; x_wconf 74' lang='lat' dir='ltr'>‘operarios&#39;</span> <span class='ocrx_word' id='word_1_268' title='bbox 1045 1542 1160 1574; x_wconf 92' lang='lat' dir='ltr'>humili</span> <span class='ocrx_word' id='word_1_269' title='bbox 1179 1542 1310 1574; x_wconf 88' lang='lat' dir='ltr'>nomine</span> <span class='ocrx_word' id='word_1_270' title='bbox 1329 1553 1382 1584; x_wconf 85' lang='lat' dir='ltr'>ap-</span> 
     </span>
     <span class='ocr_line' id='line_1_28' title="bbox 70 1593 1380 1638; baseline 0 -12"><span class='ocrx_word' id='word_1_271' title='bbox 70 1593 203 1637; x_wconf 71' lang='lat' dir='ltr'>pellat&#39;)</span> <span class='ocrx_word' id='word_1_272' title='bbox 223 1594 438 1638; x_wconf 82' lang='lat'>(295—297).</span> <span class='ocrx_word' id='word_1_273' title='bbox 468 1594 579 1627; x_wconf 88' lang='lat' dir='ltr'>Cicero</span> <span class='ocrx_word' id='word_1_274' title='bbox 599 1595 818 1637; x_wconf 88' lang='lat' dir='ltr'>quaestionem</span> <span class='ocrx_word' id='word_1_275' title='bbox 838 1596 877 1627; x_wconf 92' lang='lat' dir='ltr'>de</span> <span class='ocrx_word' id='word_1_276' title='bbox 897 1595 1018 1627; x_wconf 89' lang='lat' dir='ltr'>Catone</span> <span class='ocrx_word' id='word_1_277' title='bbox 1040 1598 1071 1627; x_wconf 88' lang='lat' dir='ltr'>et</span> <span class='ocrx_word' id='word_1_278' title='bbox 1091 1595 1129 1627; x_wconf 90' lang='lat' dir='ltr'>de</span> <span class='ocrx_word' id='word_1_279' title='bbox 1148 1595 1380 1628; x_wconf 86' lang='lat' dir='ltr'>vetustioribus</span> 
     </span>
     <span class='ocr_line' id='line_1_29' title="bbox 70 1648 1380 1692; baseline 0.001 -13"><span class='ocrx_word' id='word_1_280' title='bbox 70 1648 252 1680; x_wconf 88' lang='lat' dir='ltr'>oratoribus</span> <span class='ocrx_word' id='word_1_281' title='bbox 276 1648 315 1679; x_wconf 88' lang='lat' dir='ltr'>ad</span> <span class='ocrx_word' id='word_1_282' title='bbox 338 1649 407 1690; x_wconf 85' lang='lat' dir='ltr'>ipsa</span> <span class='ocrx_word' id='word_1_283' title='bbox 432 1659 529 1690; x_wconf 86' lang='lat' dir='ltr'>opera</span> <span class='ocrx_word' id='word_1_284' title='bbox 553 1649 763 1680; x_wconf 84' lang='lat' dir='ltr'>examinanda</span> <span class='ocrx_word' id='word_1_285' title='bbox 787 1648 920 1692; x_wconf 80' lang='lat' dir='ltr'>defert⁸)</span> <span class='ocrx_word' id='word_1_286' title='bbox 946 1652 977 1680; x_wconf 93' lang='lat' dir='ltr'>et</span> <span class='ocrx_word' id='word_1_287' title='bbox 1000 1660 1109 1680; x_wconf 90' lang='lat' dir='ltr'>rursus</span> <span class='ocrx_word' id='word_1_288' title='bbox 1133 1649 1274 1681; x_wconf 86' lang='lat' dir='ltr'>affirmat</span> <span class='ocrx_word' id='word_1_289' title='bbox 1296 1649 1380 1680; x_wconf 91' lang='lat' dir='ltr'>nihil</span> 
     </span>
     <span class='ocr_line' id='line_1_30' title="bbox 71 1701 1380 1744; baseline 0.002 -12"><span class='ocrx_word' id='word_1_290' title='bbox 71 1701 111 1733; x_wconf 89' lang='lat' dir='ltr'>iis</span> <span class='ocrx_word' id='word_1_291' title='bbox 131 1701 250 1743; x_wconf 82' lang='lat' dir='ltr'>deesse,</span> <span class='ocrx_word' id='word_1_292' title='bbox 267 1702 330 1733; x_wconf 89' lang='lat' dir='ltr'>nisi</span> <span class='ocrx_word' id='word_1_293' title='bbox 349 1713 394 1743; x_wconf 87' lang='lat' dir='ltr'>ea,</span> <span class='ocrx_word' id='word_1_294' title='bbox 414 1713 494 1743; x_wconf 91' lang='lat' dir='ltr'>quae</span> <span class='ocrx_word' id='word_1_295' title='bbox 512 1702 653 1734; x_wconf 87' lang='lat' dir='ltr'>nondum</span> <span class='ocrx_word' id='word_1_296' title='bbox 675 1703 805 1734; x_wconf 87' lang='lat' dir='ltr'>inventa</span> <span class='ocrx_word' id='word_1_297' title='bbox 823 1704 923 1744; x_wconf 85' lang='lat' dir='ltr'>erant,</span> <span class='ocrx_word' id='word_1_298' title='bbox 941 1703 1042 1734; x_wconf 84' lang='lat' dir='ltr'>veluti</span> <span class='ocrx_word' id='word_1_299' title='bbox 1060 1703 1218 1744; x_wconf 89' lang='lat' dir='ltr'>pictorum</span> <span class='ocrx_word' id='word_1_300' title='bbox 1236 1704 1380 1734; x_wconf 88' lang='lat' dir='ltr'>veterum</span> 
     </span>
     <span class='ocr_line' id='line_1_31' title="bbox 70 1755 1381 1797; baseline 0.001 -11"><span class='ocrx_word' id='word_1_301' title='bbox 70 1755 226 1797; x_wconf 84' lang='lat' dir='ltr'>imagines</span> <span class='ocrx_word' id='word_1_302' title='bbox 245 1755 420 1797; x_wconf 88' lang='lat' dir='ltr'>pigmentis</span> <span class='ocrx_word' id='word_1_303' title='bbox 440 1755 632 1796; x_wconf 86' lang='lat' dir='ltr'>quibusdam</span> <span class='ocrx_word' id='word_1_304' title='bbox 653 1756 777 1788; x_wconf 86' lang='lat' dir='ltr'>soleant</span> <span class='ocrx_word' id='word_1_305' title='bbox 796 1766 914 1796; x_wconf 86' lang='lat' dir='ltr'>carere,</span> <span class='ocrx_word' id='word_1_306' title='bbox 940 1766 1022 1797; x_wconf 90' lang='lat' dir='ltr'>quae</span> <span class='ocrx_word' id='word_1_307' title='bbox 1046 1758 1158 1797; x_wconf 86' lang='lat' dir='ltr'>postea</span> <span class='ocrx_word' id='word_1_308' title='bbox 1182 1756 1309 1788; x_wconf 90' lang='lat' dir='ltr'>demum</span> <span class='ocrx_word' id='word_1_309' title='bbox 1334 1756 1381 1787; x_wconf 94' lang='lat' dir='ltr'>in-</span> 
     </span>
    </p>
   </div>
   <div class='ocr_carea' id='block_1_3' title="bbox 70 1822 284 1826">
    <p class='ocr_par' dir='ltr' id='par_1_3' title="bbox 70 1822 284 1826">
     <span class='ocr_line' id='line_1_32' title="bbox 70 1822 284 1826; baseline 0 0"><span class='ocrx_word' id='word_1_310' title='bbox 70 1822 284 1826; x_wconf 95' lang='lat' dir='ltr'> </span> 
     </span>
    </p>
   </div>
   <div class='ocr_carea' id='block_1_4' title="bbox 68 1855 1380 2322">
    <p class='ocr_par' dir='ltr' id='par_1_4' title="bbox 68 1855 1380 1970">
     <span class='ocr_line' id='line_1_33' title="bbox 160 1855 1380 1890; baseline 0 -8"><span class='ocrx_word' id='word_1_311' title='bbox 160 1857 186 1890; x_wconf 88' lang='lat'>1)</span> <span class='ocrx_word' id='word_1_312' title='bbox 204 1855 282 1882; x_wconf 86' lang='lat' dir='ltr'>Brut.</span> <span class='ocrx_word' id='word_1_313' title='bbox 298 1858 362 1882; x_wconf 77' lang='lat'>2³2:</span> <span class='ocrx_word' id='word_1_314' title='bbox 383 1855 459 1888; x_wconf 80' lang='lat' dir='ltr'>„Nee</span> <span class='ocrx_word' id='word_1_315' title='bbox 474 1864 537 1883; x_wconf 79' lang='lat' dir='ltr'>vero</span> <span class='ocrx_word' id='word_1_316' title='bbox 556 1858 615 1883; x_wconf 84' lang='lat' dir='ltr'>tam</span> <span class='ocrx_word' id='word_1_317' title='bbox 636 1856 670 1882; x_wconf 86' lang='lat' dir='ltr'>de</span> <span class='ocrx_word' id='word_1_318' title='bbox 688 1856 839 1883; x_wconf 84' lang='lat' dir='ltr'>virtutibus</span> <span class='ocrx_word' id='word_1_319' title='bbox 859 1856 972 1883; x_wconf 89' lang='lat' dir='ltr'>dicendi</span> <span class='ocrx_word' id='word_1_320' title='bbox 991 1856 1057 1889; x_wconf 85' lang='lat' dir='ltr'>tuis,</span> <span class='ocrx_word' id='word_1_321' title='bbox 1076 1865 1149 1890; x_wconf 89' lang='lat' dir='ltr'>quae</span> <span class='ocrx_word' id='word_1_322' title='bbox 1168 1865 1231 1883; x_wconf 89' lang='lat' dir='ltr'>cum</span> <span class='ocrx_word' id='word_1_323' title='bbox 1250 1856 1380 1882; x_wconf 86' lang='lat' dir='ltr'>omnibus</span> 
     </span>
     <span class='ocr_line' id='line_1_34' title="bbox 68 1895 1380 1931; baseline 0.001 -10"><span class='ocrx_word' id='word_1_324' title='bbox 68 1896 130 1922; x_wconf 84' lang='lat' dir='ltr'>tum</span> <span class='ocrx_word' id='word_1_325' title='bbox 153 1896 228 1922; x_wconf 87' lang='lat' dir='ltr'>certe</span> <span class='ocrx_word' id='word_1_326' title='bbox 250 1895 320 1921; x_wconf 91' lang='lat' dir='ltr'>mihi</span> <span class='ocrx_word' id='word_1_327' title='bbox 344 1895 507 1922; x_wconf 85' lang='lat' dir='ltr'>notissimae</span> <span class='ocrx_word' id='word_1_328' title='bbox 531 1898 608 1930; x_wconf 85' lang='lat' dir='ltr'>sunt,</span> <span class='ocrx_word' id='word_1_329' title='bbox 634 1904 718 1930; x_wconf 83' lang='lat' dir='ltr'>quam</span> <span class='ocrx_word' id='word_1_330' title='bbox 742 1896 816 1930; x_wconf 89' lang='lat' dir='ltr'>quod</span> <span class='ocrx_word' id='word_1_331' title='bbox 840 1897 946 1931; x_wconf 84' lang='lat' dir='ltr'>gradus</span> <span class='ocrx_word' id='word_1_332' title='bbox 970 1897 1033 1923; x_wconf 87' lang='lat' dir='ltr'>tuos</span> <span class='ocrx_word' id='word_1_333' title='bbox 1058 1898 1087 1923; x_wconf 84' lang='lat' dir='ltr'>et</span> <span class='ocrx_word' id='word_1_334' title='bbox 1110 1896 1190 1930; x_wconf 86' lang='lat' dir='ltr'>quasi</span> <span class='ocrx_word' id='word_1_335' title='bbox 1214 1904 1380 1930; x_wconf 80' lang='lat' dir='ltr'>progressus</span> 
     </span>
     <span class='ocr_line' id='line_1_35' title="bbox 69 1935 513 1970; baseline 0.002 -9"><span class='ocrx_word' id='word_1_336' title='bbox 69 1935 182 1962; x_wconf 86' lang='lat' dir='ltr'>dicendi</span> <span class='ocrx_word' id='word_1_337' title='bbox 201 1935 300 1962; x_wconf 85' lang='lat' dir='ltr'>studeo</span> <span class='ocrx_word' id='word_1_338' title='bbox 321 1938 513 1970; x_wconf 84' lang='lat' dir='ltr'>cognoscere.“</span> 
     </span>
    </p>

    <p class='ocr_par' dir='ltr' id='par_1_5' title="bbox 69 1975 1380 2129">
     <span class='ocr_line' id='line_1_36' title="bbox 159 1975 1379 2010; baseline 0.002 -9"><span class='ocrx_word' id='word_1_339' title='bbox 159 1977 186 2008; x_wconf 78' lang='lat'>2)</span> <span class='ocrx_word' id='word_1_340' title='bbox 204 1975 245 2001; x_wconf 88' lang='lat' dir='ltr'>De</span> <span class='ocrx_word' id='word_1_341' title='bbox 271 1975 429 2002; x_wconf 85' lang='lat' dir='ltr'>imitatione</span> <span class='ocrx_word' id='word_1_342' title='bbox 455 1976 524 2003; x_wconf 89' lang='lat' dir='ltr'>haec</span> <span class='ocrx_word' id='word_1_343' title='bbox 551 1976 637 2003; x_wconf 84' lang='lat' dir='ltr'>affero</span> <span class='ocrx_word' id='word_1_344' title='bbox 657 1976 745 2003; x_wconf 85' lang='lat' dir='ltr'>Attici</span> <span class='ocrx_word' id='word_1_345' title='bbox 772 1977 870 2003; x_wconf 84' lang='lat' dir='ltr'>verba:</span> <span class='ocrx_word' id='word_1_346' title='bbox 898 1976 1036 2010; x_wconf 78' lang='lat' dir='ltr'>„Galbam</span> <span class='ocrx_word' id='word_1_347' title='bbox 1060 1977 1168 2003; x_wconf 82' lang='lat' dir='ltr'>laudas.</span> <span class='ocrx_word' id='word_1_348' title='bbox 1198 1976 1226 2003; x_wconf 90' lang='lat' dir='ltr'>Si</span> <span class='ocrx_word' id='word_1_349' title='bbox 1251 1978 1282 2002; x_wconf 88' lang='lat' dir='ltr'>ut</span> <span class='ocrx_word' id='word_1_350' title='bbox 1302 1976 1379 2003; x_wconf 87' lang='lat' dir='ltr'>illius</span> 
     </span>
     <span class='ocr_line' id='line_1_37' title="bbox 69 2015 1380 2050; baseline 0.001 -9"><span class='ocrx_word' id='word_1_351' title='bbox 69 2015 172 2042; x_wconf 83' lang='lat' dir='ltr'>aetatis</span> <span class='ocrx_word' id='word_1_352' title='bbox 195 2015 364 2049; x_wconf 85' lang='lat' dir='ltr'>principem,</span> <span class='ocrx_word' id='word_1_353' title='bbox 387 2015 550 2042; x_wconf 87' lang='lat' dir='ltr'>adsentior.</span> <span class='ocrx_word' id='word_1_354' title='bbox 568 2037 573 2042; x_wconf 94' lang='lat'>.</span> <span class='ocrx_word' id='word_1_355' title='bbox 589 2037 595 2042; x_wconf 85' lang='lat'><strong>.</strong></span> <span class='ocrx_word' id='word_1_356' title='bbox 620 2016 663 2042; x_wconf 90' lang='lat' dir='ltr'>sin</span> <span class='ocrx_word' id='word_1_357' title='bbox 687 2018 719 2043; x_wconf 87' lang='lat' dir='ltr'>ut</span> <span class='ocrx_word' id='word_1_358' title='bbox 738 2018 889 2049; x_wconf 78' lang='lat' dir='ltr'>oratorem,</span> <span class='ocrx_word' id='word_1_359' title='bbox 913 2017 995 2050; x_wconf 77' lang='lat' dir='ltr'>cedo,</span> <span class='ocrx_word' id='word_1_360' title='bbox 1020 2025 1123 2050; x_wconf 89' lang='lat' dir='ltr'>quaeso</span> <span class='ocrx_word' id='word_1_361' title='bbox 1143 2018 1282 2044; x_wconf 87' lang='lat' dir='ltr'>orationes</span> <span class='ocrx_word' id='word_1_362' title='bbox 1303 2018 1380 2050; x_wconf 87' lang='lat' dir='ltr'>(sunt</span> 
     </span>
     <span class='ocr_line' id='line_1_38' title="bbox 69 2055 1379 2090; baseline 0.002 -9"><span class='ocrx_word' id='word_1_363' title='bbox 69 2055 155 2089; x_wconf 86' lang='lat' dir='ltr'>enim)</span> <span class='ocrx_word' id='word_1_364' title='bbox 180 2058 208 2081; x_wconf 87' lang='lat' dir='ltr'>et</span> <span class='ocrx_word' id='word_1_365' title='bbox 230 2055 276 2081; x_wconf 88' lang='lat' dir='ltr'>dic</span> <span class='ocrx_word' id='word_1_366' title='bbox 299 2055 386 2088; x_wconf 78' lang='lat' dir='ltr'>hunc⁷</span> <span class='ocrx_word' id='word_1_367' title='bbox 415 2064 498 2089; x_wconf 91' lang='lat' dir='ltr'>quem</span> <span class='ocrx_word' id='word_1_368' title='bbox 521 2057 552 2082; x_wconf 89' lang='lat' dir='ltr'>tu</span> <span class='ocrx_word' id='word_1_369' title='bbox 575 2056 639 2090; x_wconf 84' lang='lat' dir='ltr'>plus</span> <span class='ocrx_word' id='word_1_370' title='bbox 664 2064 749 2090; x_wconf 84' lang='lat' dir='ltr'>quam</span> <span class='ocrx_word' id='word_1_371' title='bbox 773 2058 801 2083; x_wconf 88' lang='lat' dir='ltr'>te</span> <span class='ocrx_word' id='word_1_372' title='bbox 825 2065 915 2090; x_wconf 78' lang='lat' dir='ltr'>amas⁷</span> <span class='ocrx_word' id='word_1_373' title='bbox 944 2057 1062 2083; x_wconf 86' lang='lat' dir='ltr'>Brutum</span> <span class='ocrx_word' id='word_1_374' title='bbox 1085 2057 1149 2084; x_wconf 83' lang='lat' dir='ltr'>velle</span> <span class='ocrx_word' id='word_1_375' title='bbox 1172 2060 1197 2084; x_wconf 76' lang='lat' dir='ltr'>te</span> <span class='ocrx_word' id='word_1_376' title='bbox 1224 2058 1272 2083; x_wconf 84' lang='lat' dir='ltr'>illo</span> <span class='ocrx_word' id='word_1_377' title='bbox 1299 2057 1379 2084; x_wconf 83' lang='lat' dir='ltr'>modo</span> 
     </span>
     <span class='ocr_line' id='line_1_39' title="bbox 70 2095 274 2129; baseline 0 -8"><span class='ocrx_word' id='word_1_378' title='bbox 70 2095 173 2122; x_wconf 78' lang='lat' dir='ltr'>dicere“</span> <span class='ocrx_word' id='word_1_379' title='bbox 193 2096 274 2129; x_wconf 77' lang='lat'>(295).</span> 
     </span>
    </p>

    <p class='ocr_par' dir='ltr' id='par_1_6' title="bbox 68 2135 1379 2322">
     <span class='ocr_line' id='line_1_40' title="bbox 159 2135 1378 2169; baseline 0.002 -8"><span class='ocrx_word' id='word_1_380' title='bbox 159 2136 186 2168; x_wconf 83' lang='lat'>3)</span> <span class='ocrx_word' id='word_1_381' title='bbox 205 2135 301 2162; x_wconf 88' lang='lat' dir='ltr'>Cicero</span> <span class='ocrx_word' id='word_1_382' title='bbox 315 2143 378 2161; x_wconf 87' lang='lat' dir='ltr'>cum</span> <span class='ocrx_word' id='word_1_383' title='bbox 393 2135 510 2162; x_wconf 84' lang='lat' dir='ltr'>Brutum</span> <span class='ocrx_word' id='word_1_384' title='bbox 526 2136 720 2169; x_wconf 75' lang='lat' dir='ltr'>conscriberet,</span> <span class='ocrx_word' id='word_1_385' title='bbox 741 2139 815 2164; x_wconf 83' lang='lat' dir='ltr'>certe</span> <span class='ocrx_word' id='word_1_386' title='bbox 830 2137 858 2163; x_wconf 90' lang='lat' dir='ltr'>in</span> <span class='ocrx_word' id='word_1_387' title='bbox 874 2137 968 2163; x_wconf 89' lang='lat' dir='ltr'>animo</span> <span class='ocrx_word' id='word_1_388' title='bbox 983 2137 1084 2163; x_wconf 89' lang='lat' dir='ltr'>habuit</span> <span class='ocrx_word' id='word_1_389' title='bbox 1105 2137 1256 2163; x_wconf 84' lang='lat' dir='ltr'>‘orationes</span> <span class='ocrx_word' id='word_1_390' title='bbox 1270 2138 1378 2163; x_wconf 83' lang='lat' dir='ltr'>veteres</span> 
     </span>
     <span class='ocr_line' id='line_1_41' title="bbox 70 2174 1378 2211; baseline 0.001 -10"><span class='ocrx_word' id='word_1_391' title='bbox 70 2174 221 2209; x_wconf 84' lang='lat' dir='ltr'>explicare’</span> <span class='ocrx_word' id='word_1_392' title='bbox 242 2175 330 2209; x_wconf 89' lang='lat' dir='ltr'>(Brut.</span> <span class='ocrx_word' id='word_1_393' title='bbox 346 2177 406 2202; x_wconf 78' lang='lat'>298.</span> <span class='ocrx_word' id='word_1_394' title='bbox 422 2177 490 2210; x_wconf 81' lang='lat'><strong>300).</strong></span> <span class='ocrx_word' id='word_1_395' title='bbox 521 2175 601 2208; x_wconf 78' lang='lat' dir='ltr'>Quod</span> <span class='ocrx_word' id='word_1_396' title='bbox 619 2177 787 2210; x_wconf 85' lang='lat' dir='ltr'>promissum</span> <span class='ocrx_word' id='word_1_397' title='bbox 807 2177 830 2204; x_wconf 89' lang='lat' dir='ltr'>si</span> <span class='ocrx_word' id='word_1_398' title='bbox 849 2178 971 2211; x_wconf 83' lang='lat' dir='ltr'>fecisset,</span> <span class='ocrx_word' id='word_1_399' title='bbox 990 2177 1120 2204; x_wconf 84' lang='lat' dir='ltr'>similiter</span> <span class='ocrx_word' id='word_1_400' title='bbox 1139 2178 1174 2203; x_wconf 82' lang='lat' dir='ltr'>de</span> <span class='ocrx_word' id='word_1_401' title='bbox 1192 2177 1301 2203; x_wconf 86' lang='lat' dir='ltr'>Latinis</span> <span class='ocrx_word' id='word_1_402' title='bbox 1321 2176 1378 2202; x_wconf 87' lang='lat' dir='ltr'>dis-</span> 
     </span>
     <span class='ocr_line' id='line_1_42' title="bbox 68 2215 1379 2251; baseline 0.001 -10"><span class='ocrx_word' id='word_1_403' title='bbox 68 2216 206 2249; x_wconf 80' lang='lat' dir='ltr'>putasset,</span> <span class='ocrx_word' id='word_1_404' title='bbox 223 2223 279 2248; x_wconf 89' lang='lat' dir='ltr'>qua</span> <span class='ocrx_word' id='word_1_405' title='bbox 290 2215 397 2241; x_wconf 86' lang='lat' dir='ltr'>ratione</span> <span class='ocrx_word' id='word_1_406' title='bbox 413 2215 563 2250; x_wconf 82' lang='lat' dir='ltr'>Dionysius</span> <span class='ocrx_word' id='word_1_407' title='bbox 578 2216 691 2250; x_wconf 84' lang='lat' dir='ltr'>Lysiam</span> <span class='ocrx_word' id='word_1_408' title='bbox 705 2217 855 2243; x_wconf 81' lang='lat' dir='ltr'>Isocratem</span> <span class='ocrx_word' id='word_1_409' title='bbox 869 2217 978 2244; x_wconf 85' lang='lat' dir='ltr'>Isaeum</span> <span class='ocrx_word' id='word_1_410' title='bbox 993 2218 1162 2251; x_wconf 74' lang='lat' dir='ltr'>percensuit.</span> <span class='ocrx_word' id='word_1_411' title='bbox 1182 2217 1236 2243; x_wconf 86' lang='lat' dir='ltr'>Sed</span> <span class='ocrx_word' id='word_1_412' title='bbox 1251 2217 1379 2243; x_wconf 85' lang='lat' dir='ltr'>animad-</span> 
     </span>
     <span class='ocr_line' id='line_1_43' title="bbox 68 2255 1378 2291; baseline 0 -9"><span class='ocrx_word' id='word_1_413' title='bbox 68 2255 185 2282; x_wconf 83' lang='lat' dir='ltr'>vertisse</span> <span class='ocrx_word' id='word_1_414' title='bbox 200 2255 318 2288; x_wconf 87' lang='lat' dir='ltr'>videtur,</span> <span class='ocrx_word' id='word_1_415' title='bbox 337 2257 446 2289; x_wconf 85' lang='lat' dir='ltr'>quanta</span> <span class='ocrx_word' id='word_1_416' title='bbox 464 2255 494 2282; x_wconf 93' lang='lat' dir='ltr'>hi</span> <span class='ocrx_word' id='word_1_417' title='bbox 513 2258 636 2283; x_wconf 85' lang='lat' dir='ltr'>oratores</span> <span class='ocrx_word' id='word_1_418' title='bbox 655 2256 685 2283; x_wconf 90' lang='lat' dir='ltr'>in</span> <span class='ocrx_word' id='word_1_419' title='bbox 700 2256 806 2283; x_wconf 85' lang='lat' dir='ltr'>Graeca</span> <span class='ocrx_word' id='word_1_420' title='bbox 826 2258 885 2283; x_wconf 84' lang='lat' dir='ltr'>arte</span> <span class='ocrx_word' id='word_1_421' title='bbox 905 2258 1082 2291; x_wconf 86' lang='lat' dir='ltr'>praestarent</span> <span class='ocrx_word' id='word_1_422' title='bbox 1097 2257 1264 2283; x_wconf 86' lang='lat' dir='ltr'>auctoritate</span> <span class='ocrx_word' id='word_1_423' title='bbox 1279 2256 1378 2282; x_wconf 81' lang='lat' dir='ltr'>veteri-</span> 
     </span>
     <span class='ocr_line' id='line_1_44' title="bbox 68 2294 526 2322; baseline 0.002 -1"><span class='ocrx_word' id='word_1_424' title='bbox 68 2294 121 2321; x_wconf 89' lang='lat' dir='ltr'>bus</span> <span class='ocrx_word' id='word_1_425' title='bbox 140 2295 273 2321; x_wconf 85' lang='lat' dir='ltr'>Romanis</span> <span class='ocrx_word' id='word_1_426' title='bbox 291 2295 320 2321; x_wconf 88' lang='lat' dir='ltr'>in</span> <span class='ocrx_word' id='word_1_427' title='bbox 339 2297 399 2322; x_wconf 86' lang='lat' dir='ltr'>arte</span> <span class='ocrx_word' id='word_1_428' title='bbox 418 2295 526 2322; x_wconf 83' lang='lat' dir='ltr'>Latina.</span> 
     </span>
    </p>
   </div>
   <div class='ocr_carea' id='block_1_5' title="bbox 1127 2342 1163 2366">
    <p class='ocr_par' dir='ltr' id='par_1_7' title="bbox 1127 2342 1163 2366">
     <span class='ocr_line' id='line_1_45' title="bbox 1127 2342 1163 2366; baseline 0 -8"><span class='ocrx_word' id='word_1_429' title='bbox 1127 2342 1163 2366; x_wconf 72' lang='grc'>6*</span> 
     </span>
    </p>
   </div>
  </div>
 </body>
</html>
