1566 2592
506 150 546 176 De
565 149 734 176 narrationis
753 149 912 176 virtutibus.
1326 148 1370 179 49

59 234 161 277 φέναι
185 234 224 266 τὰ
247 231 500 274 παραγγέλματα
522 230 577 263 καὶ
596 231 654 268 τὰς
673 229 833 272 ἀφορμάς.
861 229 914 262 καὶ
940 231 1003 271 γὰρ
1027 231 1063 262 τὸ
1088 230 1287 271 σύντομον
1311 230 1370 271 μά-

63 291 157 328 λιστα
177 285 272 319 αὗται
286 284 421 328 ἔχουσιν
441 285 473 316 αἱ
490 285 658 326 διηγήσεις
671 284 725 315 καὶ
740 285 777 316 τὸ
797 282 933 325 σαφές,
955 283 1085 324 ἡδεῖαί
1101 282 1138 314 τέ
1151 284 1237 315 εἰσιν
1251 283 1295 320 ὡς
1310 283 1370 324 οὐχ

59 341 179 382 ἕτεραι,
198 339 252 372 καὶ
271 339 447 371 πιθαναί.

150 393 238 425 Haec
256 392 321 424 fere
341 393 425 432 sunt,
445 402 526 432 quae
545 390 677 422 iucundi
695 390 833 432 vestigia
851 390 944 422 nobis
967 392 1204 422 conservantur.
1234 389 1322 427 Quae
1342 389 1369 420 si

58 458 134 479 -cum
158 455 273 488 magna
297 445 389 486 copia
413 455 523 476 eorum
546 444 692 485 testium,
716 444 773 485 qui
795 445 861 475 tres
885 443 970 475 solas
990 444 1125 474 virtutes
1145 454 1164 474 a
1183 443 1283 474 Fabio
1303 442 1369 474 Iso-

61 499 174 532 crateis
193 498 283 530 datas
303 498 513 540 comparabis,
533 508 569 529 ea
587 497 750 529 levissima
768 507 837 528 esse
857 500 889 528 et
907 496 1042 528 fortuito
1063 497 1165 538 magis
1185 507 1281 537 quam
1297 506 1369 527 con-

56 554 145 586 sulto
174 552 207 583 in
235 551 492 593 praeceptionem
522 551 676 582 invasisse
705 560 886 592 cognosces.
921 549 1012 582 Neve
1040 550 1160 582 oblitus
1190 550 1233 580 sis
1262 560 1369 580 veram

59 605 248 638 Theodectis
268 605 433 646 rationem,
452 604 542 636 cuius
562 606 594 635 et
612 604 677 645 ἡδύ
696 605 728 635 et
747 602 990 645 μεγαλοπρεπές
1008 605 1135 645 praeter
1152 605 1217 635 tres
1233 603 1368 634 usitatas
1416 616 1421 624 1

59 658 225 700 proprium
249 660 329 700 erat,
353 668 512 699 nusquam
536 657 672 688 inveniri
695 667 736 688 ne
757 657 842 698 apud
864 655 1071 698 Anonymum
1097 656 1225 698 quidem
1252 655 1368 697 Segue-

55 713 193 744 rianum.

148 765 258 796 Etiam
278 765 412 796 minoris
430 764 585 796 momenti
600 764 726 795 videtur
745 763 844 795 fuisse
863 763 926 795 alia
945 763 1077 804 partitio
1097 763 1137 794 ab
1157 763 1276 795 usitata
1295 763 1367 794 doc-

54 820 143 851 trina
163 818 274 859 aliena,
294 829 375 860 quae
393 817 494 849 Fabio
514 819 646 859 propter
664 817 804 848 auctoris
824 828 975 859 magnum
995 827 1113 848 nomen
1133 816 1367 848 dubitationem

58 872 182 913 iniecit,
206 883 276 903 eam
295 871 380 912 dico,
404 871 494 903 cuius
518 871 610 902 testis
630 872 678 902 est
697 870 822 902 Tullius
841 871 876 901 in
894 869 1036 911 Topicis,
1056 869 1113 901 ubi
1132 870 1288 911 postulat:
1311 872 1367 911 „ut

57 925 170 966 planae
190 925 254 956 sint
273 923 510 967 (narrationes),
530 926 565 955 ut
584 924 705 965 breves,
724 925 761 955 ut
780 923 951 964 evidentes,
966 925 1002 954 ut
1019 923 1198 962 credibiles,
1212 925 1250 955 ut
1264 934 1367 955 mora-

58 980 122 1020 tae,
146 980 182 1009 ut
206 989 278 1009 cum
302 978 466 1020 dignitate.
502 988 583 1018 quae
612 988 805 1018 quamquam
830 977 864 1008 in
887 978 957 1008 tota
980 977 1125 1008 oratione
1149 988 1217 1008 esse
1241 976 1367 1017 debent,

57 1032 160 1074 magis
188 1034 296 1063 tamen
324 1032 399 1062 sunt
427 1030 559 1072 propria
586 1030 754 1061 narrandi“
774 1029 898 1072 (Topic.
914 1030 954 1061 97
976 1030 1015 1061 cf.
1030 1029 1162 1068 Quintil.
1182 1029 1229 1061 IV
1244 1030 1278 1071 2,
1300 1029 1366 1073 64).

57 1084 144 1116 Haec
163 1095 238 1116 sane
258 1086 306 1115 est
321 1083 508 1125 differentia,
524 1084 579 1115 sed
594 1083 627 1114 in
642 1094 775 1115 numero
791 1084 894 1126 magis
909 1094 1005 1124 quarn
1021 1083 1054 1114 in
1069 1083 1173 1115 rebus⁴
1201 1083 1286 1115 Nam
1303 1084 1366 1115 duo

52 1139 198 1170 extrema
212 1137 252 1169 ad
265 1137 393 1179 πρέπον
409 1137 580 1178 pertinent,
595 1148 686 1178 „cum
702 1137 877 1179 dignitate“
897 1135 992 1178 (κατὰ
1007 1137 1043 1168 τὸ
1060 1135 1199 1179 ἀξίωμα)
1214 1148 1314 1178 aeque
1329 1148 1366 1168 ao

54 1192 179 1222 morata
206 1191 346 1222 narratio
374 1190 491 1233 (ἠθική
510 1191 548 1222 cf.
563 1189 661 1222 Arist.
678 1190 770 1222 Rhet.
785 1189 834 1221 III
863 1189 1044 1233 1408a25),
1073 1190 1168 1221 ambo
1197 1192 1303 1222 autem
1331 1191 1366 1222 in

52 1244 237 1275 narratione
256 1245 454 1285 πιθανότητι
474 1243 688 1283 subiciuntur,
707 1244 745 1275 cf.
761 1242 920 1284 Anonym.
938 1243 1138 1286 Seguer.Rh.
1150 1242 1202 1275 Gr.
1215 1242 1244 1275 12
1258 1255 1287 1284 p.
1299 1243 1362 1275 367

55 1295 108 1338 Sp.
123 1296 164 1328 H.
191 1296 261 1329 Nec
286 1298 391 1329 minus
418 1296 579 1328 evidentia
605 1295 786 1339 (ἐνάργεια)
813 1297 852 1328 ab
875 1297 1048 1337 Anonymo
1067 1298 1265 1338 πιθανότητι
1287 1298 1364 1339 (cre-

52 1349 219 1392 dibililati)
245 1350 352 1391 datur,
378 1362 396 1381 a
420 1350 619 1387 Quintiliano
643 1361 718 1381 vero
742 1350 974 1391 perspicuitati.
1013 1349 1101 1387 Quae
1125 1360 1196 1381 cum
1221 1350 1266 1381 ita
1290 1351 1364 1391 sint,

51 1402 210 1434 distribue
229 1403 460 1435 distribuenda:
486 1403 619 1434 habebis
642 1403 704 1434 tria
726 1403 794 1434 illa:
822 1403 1083 1444 perspicuitatem
1103 1413 1175 1434 cum
1196 1404 1364 1445 evidentia,
1416 1400 1427 1409 “

55 1456 255 1497 brevitatem,
273 1456 536 1497 probabilitatem
555 1467 627 1488 cum
647 1456 791 1488 moribus
811 1459 843 1488 et
862 1467 934 1488 cum
954 1456 1118 1499 dignitate.

144 1508 182 1540 In
200 1509 335 1540 historia
354 1509 431 1540 artis
450 1509 629 1541 rhetoricae
657 1521 850 1551 quamquam
870 1512 981 1541 nostra
1001 1510 1051 1541 vel
1071 1510 1209 1541 maxime
1228 1511 1362 1542 interest

55 1562 269 1603 proprietates
293 1564 325 1594 et
348 1562 543 1594 differentias
568 1563 763 1604 examinare,
782 1565 889 1594 tamen
913 1563 947 1594 in
966 1565 1076 1594 nostra
1100 1563 1287 1604 quaestione
1307 1574 1362 1595 eae

51 1617 120 1646 tam
141 1617 216 1646 sunt
239 1626 341 1656 rarae,
361 1618 397 1646 ut
420 1615 502 1647 nihil
526 1616 646 1658 obstet,
665 1617 837 1657 quominus
856 1617 1021 1658 vulgarem
1042 1617 1219 1648 doctrinam
1239 1617 1361 1648 techni-

52 1669 99 1699 cis
119 1668 210 1699 libris
230 1671 261 1700 et
280 1668 465 1700 enchiridiis
484 1679 686 1701 communem
706 1681 802 1700 unam
822 1680 890 1701 esse
910 1669 1075 1701 credamus
1095 1680 1175 1711 eam,
1195 1681 1276 1710 quae
1295 1672 1360 1702 tres

53 1721 189 1753 virtutes
208 1722 357 1753 narrandi
377 1723 583 1764 praeceperit.
612 1722 683 1763 Ipse
702 1722 757 1754 ille
777 1722 961 1764 Dionysius,
981 1723 1037 1764 qui
1057 1723 1088 1754 in
1109 1722 1224 1764 Lysiae
1241 1724 1360 1756 iudicio

54 1774 117 1816 ἡδύ
132 1775 251 1817 attulit,
270 1775 305 1806 in
319 1775 536 1807 Demosthene
556 1775 595 1818 (c.
611 1777 654 1807 34
673 1788 702 1817 p.
718 1775 852 1819 1062R)
869 1776 907 1808 de
926 1776 1175 1818 technographis
1196 1776 1286 1808 dicit:
1305 1777 1359 1809 καὶ

49 1832 108 1869 τῆς
137 1829 352 1870 σαφηνείας
375 1829 429 1860 καὶ
448 1834 504 1869 τῆς
533 1830 747 1870 συντομίας
770 1828 824 1861 καὶ
848 1834 908 1862 τοῦ
931 1833 1108 1861 πιθανοῦ
1132 1831 1254 1872 χωρίον
1280 1830 1360 1862 ἀπο-

52 1883 234 1921 φαίνουσιν
262 1882 294 1914 οῑ
322 1882 543 1923 τεχνογράφοι
572 1883 632 1924 τὴν
661 1883 815 1924 διήγησιν
844 1883 904 1924 οὐχ
931 1882 1006 1925 siff)
1035 1883 1179 1924 ἀλλαχοῦ
1208 1883 1358 1924 οὐδαμοῦ

50 1933 131 1965 δέον
159 1933 364 1974 ἐξετάζεσθαι
392 1936 449 1973 τὰς
477 1935 593 1977 ἀρετὰς
618 1936 759 1973 ταύτας.
775 1961 782 1967 .
797 1961 804 1968 .
820 1935 889 1968 ἀλλ’
910 1936 953 1974 ὡς
973 1936 1010 1968 ἐν
1035 1941 1073 1978 τῇ
1103 1937 1253 1978 διηγήσει
1280 1936 1358 1981 δέον

51 1987 202 2026 μάλιστα.
232 1987 357 2020 Tullius
382 1999 509 2030 quoque
529 1989 691 2030 vulgarem
712 1989 868 2021 rationem
889 1989 923 2020 in
941 1989 1044 2020 tribus
1069 1989 1242 2021 virtutibus
1265 1991 1359 2031 ponit

50 2038 114 2082 (De
132 2039 183 2071 Or.
198 2040 230 2072 II
244 2040 310 2083 80),
329 2053 462 2083 eamque
486 2042 602 2084 accipit
624 2043 656 2074 in
680 2041 815 2074 Oratore
837 2043 915 2074 12:22
935 2042 1035 2084 „Rem
1050 2043 1179 2074 breviter
1197 2054 1356 2084 exponere

142 2156 167 2186 1)
187 2154 224 2185 ὡς
250 2155 302 2181 οὐκ
330 2155 450 2190 ἀλλαχοῦ
478 2155 557 2188 libri,
586 2156 765 2190 negationem
788 2156 956 2191 transposui.
987 2157 1080 2192 (οὐχ)
1110 2156 1147 2186 ὡς
1170 2156 1221 2182 οὐκ
1245 2156 1356 2183 Reiske.

50 2192 108 2219 Sed
136 2193 250 2227 negatio
273 2196 338 2228 post
360 2195 397 2225 ὡς
420 2194 551 2221 debilitat
574 2194 720 2222 ἀντίθεσιν
739 2196 786 2230 (ὡς
804 2197 924 2231 ἀλλαχοῦ
943 2197 1069 2230 οὐδαμοῦ
1089 2207 1124 2219 ω
1143 2196 1179 2226 ὡς
1198 2196 1228 2222 ἐν
1247 2200 1279 2230 τῇ
1297 2198 1356 2229 διη-

49 2232 146 2267 γήσει).
183 2233 331 2260 Praeterea
362 2234 386 2260 si
415 2235 489 2261 esset
511 2235 625 2269 negatio
653 2237 718 2269 post
746 2236 795 2269 ὡς,
825 2238 940 2270 propter
963 2235 1028 2262 δέον
1052 2237 1243 2270 exspectarem
1267 2235 1304 2269 μή
1328 2238 1356 2262 et

45 2274 188 2306 μηδαμοῦ.
226 2273 271 2300 Sic
291 2274 385 2300 autem
404 2274 494 2301 omnis
513 2275 678 2308 compositio
702 2277 821 2309 negatur
840 2278 869 2302 et
894 2276 1019 2310 οὐδαμοῦ
1047 2277 1106 2302 arte
1132 2275 1263 2302 cohaeret
1291 2284 1353 2302 cum

45 2312 178 2347 ἀλλαχοῦ.

105 2362 221 2382 Stroux:
236 2363 269 2382 De
285 2363 435 2387 Theophrasti
449 2363 572 2383 virtutibus
586 2364 683 2383 dicendi.
1125 2362 1140 2384 4
