<?xml version="1.0" encoding="UTF-8"?>
<!DOCTYPE html PUBLIC "-//W3C//DTD XHTML 1.0 Transitional//EN"
    "http://www.w3.org/TR/xhtml1/DTD/xhtml1-transitional.dtd">
<html xmlns="http://www.w3.org/1999/xhtml" xml:lang="en" lang="en">
 <head>
  <title>
</title>
<meta http-equiv="Content-Type" content="text/html;charset=utf-8" />
  <meta name='ocr-system' content='tesseract 3.04.00' />
  <meta name='ocr-capabilities' content='ocr_page ocr_carea ocr_par ocr_line ocrx_word'/>
</head>
<body>
  <div class='ocr_page' id='page_1' title='image "./detheophrastivir00strouoft_0039.png"; bbox 0 0 1566 2592; ppageno 0'>
   <div class='ocr_carea' id='block_1_1' title="bbox 514 111 1393 143">
    <p class='ocr_par' dir='ltr' id='par_1_1' title="bbox 514 111 1393 143">
     <span class='ocr_line' id='line_1_1' title="bbox 514 111 1393 143; baseline -0.009 0"><span class='ocrx_word' id='word_1_1' title='bbox 514 117 555 143; x_wconf 79' lang='lat' dir='ltr'>De</span> <span class='ocrx_word' id='word_1_2' title='bbox 573 116 662 142; x_wconf 83' lang='lat' dir='ltr'>initiis</span> <span class='ocrx_word' id='word_1_3' title='bbox 682 115 817 142; x_wconf 84' lang='lat' dir='ltr'>virtutum</span> <span class='ocrx_word' id='word_1_4' title='bbox 836 113 956 140; x_wconf 84' lang='lat' dir='ltr'>dicendi.</span> <span class='ocrx_word' id='word_1_5' title='bbox 1352 111 1393 143; x_wconf 71' lang='grc'>29</span> 
     </span>
    </p>
   </div>
   <div class='ocr_carea' id='block_1_2' title="bbox 291 260 1180 389">
    <p class='ocr_par' dir='ltr' id='par_1_2' title="bbox 291 260 1169 389">
     <span class='ocr_line' id='line_1_2' title="bbox 622 260 859 296; baseline -0.004 0"><span class='ocrx_word' id='word_1_6' title='bbox 622 260 776 296; x_wconf 82' lang='lat' dir='ltr'>CAPUT</span> <span class='ocrx_word' id='word_1_7' title='bbox 798 260 859 295; x_wconf 92' lang='lat' dir='ltr'>III.</span> 
     </span>
     <span class='ocr_line' id='line_1_3' title="bbox 291 336 1180 389; baseline -0.007 0"><span class='ocrx_word' id='word_1_8' title='bbox 291 341 363 389; x_wconf 86' lang='lat' dir='ltr'>DE</span> <span class='ocrx_word' id='word_1_9' title='bbox 396 338 585 388; x_wconf 82' lang='lat' dir='ltr'>INITIIS</span> <span class='ocrx_word' id='word_1_10' title='bbox 619 336 911 385; x_wconf 87' lang='lat' dir='ltr'>VIRTUTUM</span> <span class='ocrx_word' id='word_1_11' title='bbox 943 336 1180 384; x_wconf 86' lang='lat' dir='ltr'>DICENDI.</span> 
     </span>
    </p>
   </div>
   <div class='ocr_carea' id='block_1_3' title="bbox 89 425 1397 1911">
    <p class='ocr_par' dir='ltr' id='par_1_3' title="bbox 89 425 1396 1272">
     <span class='ocr_line' id='line_1_4' title="bbox 179 425 1395 467; baseline -0.007 -4"><span class='ocrx_word' id='word_1_12' title='bbox 179 431 270 463; x_wconf 88' lang='lat' dir='ltr'>Plato</span> <span class='ocrx_word' id='word_1_13' title='bbox 290 433 379 462; x_wconf 85' lang='lat' dir='ltr'>tanta</span> <span class='ocrx_word' id='word_1_14' title='bbox 404 430 507 461; x_wconf 85' lang='lat' dir='ltr'>utitur</span> <span class='ocrx_word' id='word_1_15' title='bbox 530 427 735 467; x_wconf 86' lang='lat' dir='ltr'>auctoritate,</span> <span class='ocrx_word' id='word_1_16' title='bbox 758 429 794 458; x_wconf 90' lang='lat' dir='ltr'>ut</span> <span class='ocrx_word' id='word_1_17' title='bbox 818 426 1016 458; x_wconf 85' lang='lat' dir='ltr'>adversarios</span> <span class='ocrx_word' id='word_1_18' title='bbox 1040 426 1109 457; x_wconf 88' lang='lat' dir='ltr'>eius</span> <span class='ocrx_word' id='word_1_19' title='bbox 1133 425 1212 456; x_wconf 89' lang='lat' dir='ltr'>tales</span> <span class='ocrx_word' id='word_1_20' title='bbox 1237 425 1395 456; x_wconf 82' lang='lat' dir='ltr'>soleamus</span> 
     </span>
     <span class='ocr_line' id='line_1_5' title="bbox 89 479 1394 526; baseline -0.005 -9"><span class='ocrx_word' id='word_1_21' title='bbox 89 485 280 526; x_wconf 84' lang='lat' dir='ltr'>existimare,</span> <span class='ocrx_word' id='word_1_22' title='bbox 300 484 409 525; x_wconf 88' lang='lat' dir='ltr'>quales</span> <span class='ocrx_word' id='word_1_23' title='bbox 429 494 467 514; x_wconf 84' lang='lat' dir='ltr'>ex</span> <span class='ocrx_word' id='word_1_24' title='bbox 488 483 588 523; x_wconf 89' lang='lat' dir='ltr'>ipsius</span> <span class='ocrx_word' id='word_1_25' title='bbox 609 481 798 512; x_wconf 80' lang='lat' dir='ltr'>criminibus</span> <span class='ocrx_word' id='word_1_26' title='bbox 818 480 916 511; x_wconf 85' lang='lat' dir='ltr'>fuisse</span> <span class='ocrx_word' id='word_1_27' title='bbox 936 479 1112 511; x_wconf 81' lang='lat' dir='ltr'>videantur.</span> <span class='ocrx_word' id='word_1_28' title='bbox 1141 479 1269 510; x_wconf 86' lang='lat' dir='ltr'>Platoni</span> <span class='ocrx_word' id='word_1_29' title='bbox 1289 481 1394 510; x_wconf 89' lang='lat' dir='ltr'>autem</span> 
     </span>
     <span class='ocr_line' id='line_1_6' title="bbox 90 532 1395 579; baseline -0.007 -8"><span class='ocrx_word' id='word_1_30' title='bbox 90 549 198 571; x_wconf 85' lang='lat' dir='ltr'>omnes</span> <span class='ocrx_word' id='word_1_31' title='bbox 218 537 491 579; x_wconf 77' lang='grc' dir='ltr'><em>λογοὸιδοέσκαλοι</em></span> <span class='ocrx_word' id='word_1_32' title='bbox 511 538 543 566; x_wconf 91' lang='lat' dir='ltr'>et</span> <span class='ocrx_word' id='word_1_33' title='bbox 562 535 724 576; x_wconf 75' lang='lat' dir='ltr'><strong>sophistae</strong></span> <span class='ocrx_word' id='word_1_34' title='bbox 743 535 877 574; x_wconf 90' lang='lat' dir='ltr'>maiore,</span> <span class='ocrx_word' id='word_1_35' title='bbox 902 544 997 574; x_wconf 86' lang='lat' dir='ltr'>quam</span> <span class='ocrx_word' id='word_1_36' title='bbox 1022 532 1193 573; x_wconf 72' lang='lat' dir='ltr'>debebant,</span> <span class='ocrx_word' id='word_1_37' title='bbox 1217 543 1313 573; x_wconf 86' lang='lat' dir='ltr'>opera</span> <span class='ocrx_word' id='word_1_38' title='bbox 1332 532 1395 562; x_wconf 86' lang='lat' dir='ltr'>for-</span> 
     </span>
     <span class='ocr_line' id='line_1_7' title="bbox 90 586 1394 627; baseline -0.005 -4"><span class='ocrx_word' id='word_1_39' title='bbox 90 603 173 624; x_wconf 85' lang='lat' dir='ltr'>mam</span> <span class='ocrx_word' id='word_1_40' title='bbox 200 590 325 622; x_wconf 85' lang='lat' dir='ltr'>dicendi</span> <span class='ocrx_word' id='word_1_41' title='bbox 352 589 456 621; x_wconf 88' lang='lat' dir='ltr'>colere</span> <span class='ocrx_word' id='word_1_42' title='bbox 474 588 667 620; x_wconf 81' lang='lat' dir='ltr'>videbantur</span> <span class='ocrx_word' id='word_1_43' title='bbox 692 587 796 619; x_wconf 89' lang='lat' dir='ltr'>securi</span> <span class='ocrx_word' id='word_1_44' title='bbox 820 587 858 618; x_wconf 89' lang='lat' dir='ltr'>de</span> <span class='ocrx_word' id='word_1_45' title='bbox 883 586 978 618; x_wconf 91' lang='lat' dir='ltr'>rebus</span> <span class='ocrx_word' id='word_1_46' title='bbox 1002 597 1175 627; x_wconf 87' lang='lat' dir='ltr'>earumque</span> <span class='ocrx_word' id='word_1_47' title='bbox 1202 586 1394 626; x_wconf 86' lang='lat' dir='ltr'>cognitione.</span> 
     </span>
     <span class='ocr_line' id='line_1_8' title="bbox 89 638 1395 686; baseline -0.006 -9"><span class='ocrx_word' id='word_1_48' title='bbox 89 645 196 686; x_wconf 90' lang='lat' dir='ltr'>Atque</span> <span class='ocrx_word' id='word_1_49' title='bbox 216 655 288 676; x_wconf 83' lang='lat' dir='ltr'>eum</span> <span class='ocrx_word' id='word_1_50' title='bbox 307 642 492 675; x_wconf 70' lang='lat' dir='ltr'>recentioris</span> <span class='ocrx_word' id='word_1_51' title='bbox 512 653 639 683; x_wconf 89' lang='lat' dir='ltr'>quoque</span> <span class='ocrx_word' id='word_1_52' title='bbox 659 641 772 672; x_wconf 85' lang='lat' dir='ltr'>aetatis</span> <span class='ocrx_word' id='word_1_53' title='bbox 797 640 949 672; x_wconf 89' lang='lat' dir='ltr'>rhetorici</span> <span class='ocrx_word' id='word_1_54' title='bbox 972 639 1120 682; x_wconf 88' lang='lat' dir='ltr'>magistri</span> <span class='ocrx_word' id='word_1_55' title='bbox 1139 639 1204 670; x_wconf 85' lang='lat' dir='ltr'>sive</span> <span class='ocrx_word' id='word_1_56' title='bbox 1225 650 1242 670; x_wconf 87' lang='lat' dir='ltr'>a</span> <span class='ocrx_word' id='word_1_57' title='bbox 1262 638 1395 670; x_wconf 87' lang='lat' dir='ltr'>Platone</span> 
     </span>
     <span class='ocr_line' id='line_1_9' title="bbox 89 692 1394 737; baseline -0.005 -7"><span class='ocrx_word' id='word_1_58' title='bbox 89 698 242 731; x_wconf 90' lang='lat' dir='ltr'>commoti</span> <span class='ocrx_word' id='word_1_59' title='bbox 263 698 330 728; x_wconf 88' lang='lat' dir='ltr'>sive</span> <span class='ocrx_word' id='word_1_60' title='bbox 350 708 415 737; x_wconf 87' lang='lat' dir='ltr'>sua,</span> <span class='ocrx_word' id='word_1_61' title='bbox 435 707 515 737; x_wconf 83' lang='lat' dir='ltr'>quae</span> <span class='ocrx_word' id='word_1_62' title='bbox 535 695 574 726; x_wconf 87' lang='lat' dir='ltr'>ad</span> <span class='ocrx_word' id='word_1_63' title='bbox 598 695 695 726; x_wconf 87' lang='lat' dir='ltr'>verba</span> <span class='ocrx_word' id='word_1_64' title='bbox 721 694 858 725; x_wconf 83' lang='lat' dir='ltr'>maxime</span> <span class='ocrx_word' id='word_1_65' title='bbox 887 693 1085 734; x_wconf 69' lang='lat' dir='ltr'>intendebat,</span> <span class='ocrx_word' id='word_1_66' title='bbox 1114 693 1238 724; x_wconf 87' lang='lat' dir='ltr'>ratione</span> <span class='ocrx_word' id='word_1_67' title='bbox 1266 692 1394 723; x_wconf 87' lang='lat' dir='ltr'>adducti</span> 
     </span>
     <span class='ocr_line' id='line_1_10' title="bbox 89 746 1393 792; baseline -0.005 -9"><span class='ocrx_word' id='word_1_68' title='bbox 89 752 199 784; x_wconf 80' lang='lat' dir='ltr'>eadem</span> <span class='ocrx_word' id='word_1_69' title='bbox 219 750 438 792; x_wconf 80' lang='lat' dir='ltr'>sophistarum</span> <span class='ocrx_word' id='word_1_70' title='bbox 453 749 559 780; x_wconf 85' lang='lat' dir='ltr'>studia</span> <span class='ocrx_word' id='word_1_71' title='bbox 573 748 721 790; x_wconf 86' lang='lat' dir='ltr'>inprimis</span> <span class='ocrx_word' id='word_1_72' title='bbox 736 758 986 779; x_wconf 86' lang='lat' dir='ltr'>commemorare</span> <span class='ocrx_word' id='word_1_73' title='bbox 1006 746 1254 783; x_wconf 83' lang='lat' dir='ltr'>consuevissent,</span> <span class='ocrx_word' id='word_1_74' title='bbox 1274 746 1393 777; x_wconf 89' lang='lat' dir='ltr'>factum</span> 
     </span>
     <span class='ocr_line' id='line_1_11' title="bbox 90 799 1396 846; baseline -0.005 -10"><span class='ocrx_word' id='word_1_75' title='bbox 90 807 148 846; x_wconf 86' lang='lat' dir='ltr'>est,</span> <span class='ocrx_word' id='word_1_76' title='bbox 167 807 203 836; x_wconf 90' lang='lat' dir='ltr'>ut</span> <span class='ocrx_word' id='word_1_77' title='bbox 217 803 311 835; x_wconf 88' lang='lat' dir='ltr'>nobis</span> <span class='ocrx_word' id='word_1_78' title='bbox 326 813 452 845; x_wconf 90' lang='lat' dir='ltr'>quoque</span> <span class='ocrx_word' id='word_1_79' title='bbox 469 802 606 844; x_wconf 79' lang='lat' dir='ltr'>Gorgiae</span> <span class='ocrx_word' id='word_1_80' title='bbox 621 803 652 833; x_wconf 91' lang='lat' dir='ltr'>et</span> <span class='ocrx_word' id='word_1_81' title='bbox 667 800 898 842; x_wconf 83' lang='lat' dir='ltr'>Thrasymachi</span> <span class='ocrx_word' id='word_1_82' title='bbox 918 811 1092 842; x_wconf 87' lang='lat' dir='ltr'>eorumque</span> <span class='ocrx_word' id='word_1_83' title='bbox 1111 799 1252 842; x_wconf 85' lang='lat' dir='ltr'>gregarii</span> <span class='ocrx_word' id='word_1_84' title='bbox 1270 801 1396 840; x_wconf 89' lang='lat' dir='ltr'>praeter</span> 
     </span>
     <span class='ocr_line' id='line_1_12' title="bbox 90 852 1395 899; baseline -0.005 -10"><span class='ocrx_word' id='word_1_85' title='bbox 90 858 230 899; x_wconf 84' lang='lat' dir='ltr'>reliquas</span> <span class='ocrx_word' id='word_1_86' title='bbox 249 857 327 888; x_wconf 85' lang='lat' dir='ltr'>artis</span> <span class='ocrx_word' id='word_1_87' title='bbox 345 858 451 898; x_wconf 87' lang='lat' dir='ltr'>partes</span> <span class='ocrx_word' id='word_1_88' title='bbox 475 856 636 888; x_wconf 72' lang='lat' dir='ltr'>elocutioni</span> <span class='ocrx_word' id='word_1_89' title='bbox 655 866 763 886; x_wconf 85' lang='lat' dir='ltr'>curam</span> <span class='ocrx_word' id='word_1_90' title='bbox 788 854 980 895; x_wconf 82' lang='lat' dir='ltr'>impendisse</span> <span class='ocrx_word' id='word_1_91' title='bbox 1004 853 1180 885; x_wconf 85' lang='lat' dir='ltr'>videantur.</span> <span class='ocrx_word' id='word_1_92' title='bbox 1207 852 1321 894; x_wconf 90' lang='lat' dir='ltr'>Neque</span> <span class='ocrx_word' id='word_1_93' title='bbox 1341 852 1395 884; x_wconf 89' lang='lat' dir='ltr'>du-</span> 
     </span>
     <span class='ocr_line' id='line_1_13' title="bbox 92 907 1395 952; baseline -0.005 -10"><span class='ocrx_word' id='word_1_94' title='bbox 92 911 181 943; x_wconf 90' lang='lat' dir='ltr'>bium</span> <span class='ocrx_word' id='word_1_95' title='bbox 201 913 258 952; x_wconf 88' lang='lat' dir='ltr'>est,</span> <span class='ocrx_word' id='word_1_96' title='bbox 277 910 355 951; x_wconf 86' lang='lat' dir='ltr'>quin</span> <span class='ocrx_word' id='word_1_97' title='bbox 374 910 438 951; x_wconf 86' lang='lat' dir='ltr'>ipsi</span> <span class='ocrx_word' id='word_1_98' title='bbox 452 910 486 941; x_wconf 93' lang='lat' dir='ltr'>in</span> <span class='ocrx_word' id='word_1_99' title='bbox 503 909 635 940; x_wconf 89' lang='lat' dir='ltr'>dicendo</span> <span class='ocrx_word' id='word_1_100' title='bbox 652 910 683 940; x_wconf 92' lang='lat' dir='ltr'>et</span> <span class='ocrx_word' id='word_1_101' title='bbox 697 909 730 939; x_wconf 94' lang='lat' dir='ltr'>in</span> <span class='ocrx_word' id='word_1_102' title='bbox 751 907 918 939; x_wconf 80' lang='lat' dir='ltr'>scribendo</span> <span class='ocrx_word' id='word_1_103' title='bbox 940 909 1126 939; x_wconf 82' lang='lat' dir='ltr'>ornamenta</span> <span class='ocrx_word' id='word_1_104' title='bbox 1145 907 1316 939; x_wconf 88' lang='lat' dir='ltr'>verborum</span> <span class='ocrx_word' id='word_1_105' title='bbox 1331 917 1395 937; x_wconf 87' lang='lat' dir='ltr'>ma-</span> 
     </span>
     <span class='ocr_line' id='line_1_14' title="bbox 91 960 1396 1004; baseline -0.004 -8"><span class='ocrx_word' id='word_1_106' title='bbox 91 965 175 996; x_wconf 83' lang='lat' dir='ltr'>xime</span> <span class='ocrx_word' id='word_1_107' title='bbox 202 963 420 995; x_wconf 75' lang='lat' dir='ltr'>affectaverint</span> <span class='ocrx_word' id='word_1_108' title='bbox 439 964 470 994; x_wconf 91' lang='lat' dir='ltr'>et</span> <span class='ocrx_word' id='word_1_109' title='bbox 493 964 625 1004; x_wconf 90' lang='lat' dir='ltr'>propter</span> <span class='ocrx_word' id='word_1_110' title='bbox 648 973 685 993; x_wconf 88' lang='lat' dir='ltr'>ea</span> <span class='ocrx_word' id='word_1_111' title='bbox 707 962 875 1003; x_wconf 81' lang='lat' dir='ltr'>praecipue</span> <span class='ocrx_word' id='word_1_112' title='bbox 898 961 1020 992; x_wconf 86' lang='lat' dir='ltr'>laudati</span> <span class='ocrx_word' id='word_1_113' title='bbox 1047 961 1120 992; x_wconf 87' lang='lat' dir='ltr'>sint.</span> <span class='ocrx_word' id='word_1_114' title='bbox 1150 960 1213 992; x_wconf 84' lang='lat' dir='ltr'>Sed</span> <span class='ocrx_word' id='word_1_115' title='bbox 1231 960 1312 992; x_wconf 83' lang='lat' dir='ltr'>illud</span> <span class='ocrx_word' id='word_1_116' title='bbox 1330 971 1396 991; x_wconf 89' lang='lat' dir='ltr'>non</span> 
     </span>
     <span class='ocr_line' id='line_1_15' title="bbox 92 1013 1396 1059; baseline -0.003 -11"><span class='ocrx_word' id='word_1_117' title='bbox 92 1018 195 1059; x_wconf 83' lang='lat' dir='ltr'>magis</span> <span class='ocrx_word' id='word_1_118' title='bbox 214 1017 346 1048; x_wconf 87' lang='lat' dir='ltr'>dubium</span> <span class='ocrx_word' id='word_1_119' title='bbox 366 1018 427 1057; x_wconf 87' lang='lat' dir='ltr'>est,</span> <span class='ocrx_word' id='word_1_120' title='bbox 453 1016 531 1057; x_wconf 91' lang='lat' dir='ltr'>quin</span> <span class='ocrx_word' id='word_1_121' title='bbox 550 1015 583 1047; x_wconf 92' lang='lat' dir='ltr'>in</span> <span class='ocrx_word' id='word_1_122' title='bbox 606 1015 784 1056; x_wconf 84' lang='lat' dir='ltr'>praeceptis</span> <span class='ocrx_word' id='word_1_123' title='bbox 805 1017 836 1046; x_wconf 89' lang='lat' dir='ltr'>et</span> <span class='ocrx_word' id='word_1_124' title='bbox 855 1015 889 1046; x_wconf 92' lang='lat' dir='ltr'>in</span> <span class='ocrx_word' id='word_1_125' title='bbox 913 1014 1066 1046; x_wconf 84' lang='lat' dir='ltr'>technicis</span> <span class='ocrx_word' id='word_1_126' title='bbox 1089 1014 1181 1045; x_wconf 90' lang='lat' dir='ltr'>libris</span> <span class='ocrx_word' id='word_1_127' title='bbox 1207 1014 1245 1044; x_wconf 92' lang='lat' dir='ltr'>ad</span> <span class='ocrx_word' id='word_1_128' title='bbox 1270 1013 1396 1045; x_wconf 88' lang='lat' dir='ltr'>institu-</span> 
     </span>
     <span class='ocr_line' id='line_1_16' title="bbox 91 1068 1396 1110; baseline -0.003 -8"><span class='ocrx_word' id='word_1_129' title='bbox 91 1071 212 1103; x_wconf 86' lang='lat' dir='ltr'>tionem</span> <span class='ocrx_word' id='word_1_130' title='bbox 232 1070 308 1101; x_wconf 88' lang='lat' dir='ltr'>artis</span> <span class='ocrx_word' id='word_1_131' title='bbox 327 1069 505 1101; x_wconf 84' lang='lat' dir='ltr'>rhetoricae</span> <span class='ocrx_word' id='word_1_132' title='bbox 529 1070 722 1110; x_wconf 87' lang='lat' dir='ltr'>comparatis</span> <span class='ocrx_word' id='word_1_133' title='bbox 741 1080 840 1100; x_wconf 91' lang='lat' dir='ltr'>unum</span> <span class='ocrx_word' id='word_1_134' title='bbox 865 1068 931 1099; x_wconf 84' lang='lat' dir='ltr'>fere</span> <span class='ocrx_word' id='word_1_135' title='bbox 950 1068 1176 1109; x_wconf 75' lang='grc' dir='ltr'><strong><em>πραγματικὸν</em></strong></span> <span class='ocrx_word' id='word_1_136' title='bbox 1195 1069 1298 1099; x_wconf 83' lang='grc' dir='ltr'>τόπον</span> <span class='ocrx_word' id='word_1_137' title='bbox 1317 1069 1396 1098; x_wconf 85' lang='lat' dir='ltr'>trac-</span> 
     </span>
     <span class='ocr_line' id='line_1_17' title="bbox 90 1120 1396 1164; baseline -0.003 -9"><span class='ocrx_word' id='word_1_138' title='bbox 90 1123 236 1155; x_wconf 84' lang='lat' dir='ltr'>taverint.</span> <span class='ocrx_word' id='word_1_139' title='bbox 245 1122 269 1164; x_wconf 86' lang='lat'>¹)</span> <span class='ocrx_word' id='word_1_140' title='bbox 299 1122 332 1154; x_wconf 86' lang='lat' dir='ltr'>Si</span> <span class='ocrx_word' id='word_1_141' title='bbox 351 1123 436 1154; x_wconf 91' lang='lat' dir='ltr'>enim</span> <span class='ocrx_word' id='word_1_142' title='bbox 455 1122 635 1164; x_wconf 86' lang='lat' dir='ltr'>fragmenta</span> <span class='ocrx_word' id='word_1_143' title='bbox 654 1123 900 1162; x_wconf 80' lang='lat' dir='ltr'>perscrutamur,</span> <span class='ocrx_word' id='word_1_144' title='bbox 919 1132 1077 1162; x_wconf 81' lang='lat' dir='ltr'>perpauca</span> <span class='ocrx_word' id='word_1_145' title='bbox 1098 1121 1278 1152; x_wconf 89' lang='lat' dir='ltr'>invenimus</span> <span class='ocrx_word' id='word_1_146' title='bbox 1297 1120 1336 1151; x_wconf 86' lang='lat' dir='ltr'>ab</span> <span class='ocrx_word' id='word_1_147' title='bbox 1357 1121 1396 1151; x_wconf 91' lang='lat' dir='ltr'>iis</span> 
     </span>
     <span class='ocr_line' id='line_1_18' title="bbox 90 1174 1395 1218; baseline -0.002 -10"><span class='ocrx_word' id='word_1_148' title='bbox 90 1176 130 1208; x_wconf 83' lang='lat' dir='ltr'>ad</span> <span class='ocrx_word' id='word_1_149' title='bbox 149 1177 251 1218; x_wconf 85' lang='lat' dir='ltr'>ipsam</span> <span class='ocrx_word' id='word_1_150' title='bbox 272 1175 386 1214; x_wconf 82' lang='grc' dir='ltr'><strong><em>λέξεως</em></strong></span> <span class='ocrx_word' id='word_1_151' title='bbox 405 1178 528 1217; x_wconf 89' lang='lat' dir='ltr'>partem</span> <span class='ocrx_word' id='word_1_152' title='bbox 547 1175 674 1216; x_wconf 86' lang='lat' dir='ltr'>tradita,</span> <span class='ocrx_word' id='word_1_153' title='bbox 694 1175 793 1206; x_wconf 88' lang='lat' dir='ltr'>veluti</span> <span class='ocrx_word' id='word_1_154' title='bbox 812 1174 972 1215; x_wconf 85' lang='lat' dir='ltr'>Licymnii</span> <span class='ocrx_word' id='word_1_155' title='bbox 993 1175 1158 1206; x_wconf 86' lang='lat' dir='ltr'>cuiusdam</span> <span class='ocrx_word' id='word_1_156' title='bbox 1180 1174 1339 1206; x_wconf 85' lang='lat' dir='ltr'>sententia</span> <span class='ocrx_word' id='word_1_157' title='bbox 1358 1174 1395 1204; x_wconf 83' lang='lat' dir='ltr'>de</span> 
     </span>
     <span class='ocr_line' id='line_1_19' title="bbox 90 1227 940 1272; baseline -0.002 -11"><span class='ocrx_word' id='word_1_158' title='bbox 90 1229 232 1272; x_wconf 86' lang='lat' dir='ltr'>pulchris</span> <span class='ocrx_word' id='word_1_159' title='bbox 250 1229 444 1270; x_wconf 88' lang='lat' dir='ltr'>nominibus,</span> <span class='ocrx_word' id='word_1_160' title='bbox 464 1241 558 1270; x_wconf 90' lang='lat' dir='ltr'>quam</span> <span class='ocrx_word' id='word_1_161' title='bbox 578 1229 688 1260; x_wconf 90' lang='lat' dir='ltr'>attulit</span> <span class='ocrx_word' id='word_1_162' title='bbox 707 1227 940 1271; x_wconf 70' lang='lat' dir='ltr'>Aristoteles.²)</span> 
     </span>
    </p>

    <p class='ocr_par' dir='ltr' id='par_1_4' title="bbox 90 1281 1397 1911">
     <span class='ocr_line' id='line_1_20' title="bbox 181 1281 1396 1324; baseline -0.002 -10"><span class='ocrx_word' id='word_1_163' title='bbox 181 1282 242 1314; x_wconf 88' lang='lat' dir='ltr'>Sed</span> <span class='ocrx_word' id='word_1_164' title='bbox 267 1294 370 1324; x_wconf 88' lang='lat' dir='ltr'>neque</span> <span class='ocrx_word' id='word_1_165' title='bbox 394 1282 624 1324; x_wconf 84' lang='lat' dir='ltr'>Thrasymachi</span> <span class='ocrx_word' id='word_1_166' title='bbox 650 1281 749 1321; x_wconf 70' lang='grc' dir='ltr'><strong><em>ἕλεσι,</em></strong></span> <span class='ocrx_word' id='word_1_167' title='bbox 776 1292 879 1323; x_wconf 90' lang='lat' dir='ltr'>neque</span> <span class='ocrx_word' id='word_1_168' title='bbox 905 1281 1042 1324; x_wconf 84' lang='lat' dir='ltr'>Gorgiae</span> <span class='ocrx_word' id='word_1_169' title='bbox 1069 1281 1144 1322; x_wconf 81' lang='grc' dir='ltr'><em>περὶ</em></span> <span class='ocrx_word' id='word_1_170' title='bbox 1170 1286 1288 1323; x_wconf 77' lang='grc' dir='ltr'><em>καιροῦ</em></span> <span class='ocrx_word' id='word_1_171' title='bbox 1314 1281 1396 1312; x_wconf 89' lang='lat' dir='ltr'>liber</span> 
     </span>
     <span class='ocr_line' id='line_1_21' title="bbox 90 1334 1394 1379; baseline -0.002 -11"><span class='ocrx_word' id='word_1_172' title='bbox 90 1347 193 1377; x_wconf 85' lang='lat' dir='ltr'>neque</span> <span class='ocrx_word' id='word_1_173' title='bbox 209 1336 404 1379; x_wconf 77' lang='lat' dir='ltr'>Protagorae</span> <span class='ocrx_word' id='word_1_174' title='bbox 418 1338 474 1367; x_wconf 89' lang='lat' dir='ltr'>aut</span> <span class='ocrx_word' id='word_1_175' title='bbox 490 1346 675 1367; x_wconf 89' lang='lat' dir='ltr'>communes</span> <span class='ocrx_word' id='word_1_176' title='bbox 694 1335 756 1367; x_wconf 89' lang='lat' dir='ltr'>loci</span> <span class='ocrx_word' id='word_1_177' title='bbox 777 1337 833 1366; x_wconf 83' lang='lat' dir='ltr'>aut</span> <span class='ocrx_word' id='word_1_178' title='bbox 852 1334 1040 1377; x_wconf 77' lang='grc' dir='ltr'><em>ὀρθοέπεια,</em></span> <span class='ocrx_word' id='word_1_179' title='bbox 1061 1346 1155 1376; x_wconf 90' lang='lat' dir='ltr'>quam</span> <span class='ocrx_word' id='word_1_180' title='bbox 1176 1336 1253 1367; x_wconf 89' lang='lat' dir='ltr'>item</span> <span class='ocrx_word' id='word_1_181' title='bbox 1273 1346 1309 1366; x_wconf 89' lang='lat' dir='ltr'>ac</span> <span class='ocrx_word' id='word_1_182' title='bbox 1324 1334 1394 1366; x_wconf 92' lang='lat' dir='ltr'>Poli</span> 
     </span>
     <span class='ocr_line' id='line_1_22' title="bbox 92 1388 1396 1431; baseline -0.002 -10"><span class='ocrx_word' id='word_1_183' title='bbox 92 1389 293 1431; x_wconf 79' lang='lat' dir='ltr'>quaestiones</span> <span class='ocrx_word' id='word_1_184' title='bbox 312 1390 545 1431; x_wconf 83' lang='lat' dir='ltr'>etymologicae</span> <span class='ocrx_word' id='word_1_185' title='bbox 565 1389 603 1421; x_wconf 88' lang='lat' dir='ltr'>de</span> <span class='ocrx_word' id='word_1_186' title='bbox 622 1388 830 1431; x_wconf 84' lang='lat' dir='ltr'>grammatica</span> <span class='ocrx_word' id='word_1_187' title='bbox 848 1388 1018 1420; x_wconf 85' lang='lat' dir='ltr'>verborum</span> <span class='ocrx_word' id='word_1_188' title='bbox 1038 1388 1068 1419; x_wconf 89' lang='lat' dir='ltr'>vi</span> <span class='ocrx_word' id='word_1_189' title='bbox 1089 1389 1191 1431; x_wconf 87' lang='lat' dir='ltr'>egisse</span> <span class='ocrx_word' id='word_1_190' title='bbox 1211 1390 1344 1429; x_wconf 84' lang='lat' dir='ltr'>constat,</span> <span class='ocrx_word' id='word_1_191' title='bbox 1363 1389 1396 1419; x_wconf 89' lang='lat' dir='ltr'>in</span> 
     </span>
     <span class='ocr_line' id='line_1_23' title="bbox 91 1441 1396 1484; baseline -0.002 -10"><span class='ocrx_word' id='word_1_192' title='bbox 91 1442 282 1475; x_wconf 79' lang='lat' dir='ltr'>elocutionis</span> <span class='ocrx_word' id='word_1_193' title='bbox 310 1443 487 1475; x_wconf 84' lang='lat' dir='ltr'>rhetoricae</span> <span class='ocrx_word' id='word_1_194' title='bbox 515 1444 639 1484; x_wconf 87' lang='lat' dir='ltr'>partem</span> <span class='ocrx_word' id='word_1_195' title='bbox 669 1442 822 1473; x_wconf 89' lang='lat' dir='ltr'>incidunt.</span> <span class='ocrx_word' id='word_1_196' title='bbox 855 1441 977 1473; x_wconf 86' lang='lat' dir='ltr'>Eorum</span> <span class='ocrx_word' id='word_1_197' title='bbox 1006 1441 1122 1483; x_wconf 82' lang='grc' dir='ltr'><em>Τέχναι</em></span> <span class='ocrx_word' id='word_1_198' title='bbox 1152 1441 1396 1483; x_wconf 89' lang='lat' dir='ltr'>argumentandi</span> 
     </span>
     <span class='ocr_line' id='line_1_24' title="bbox 91 1493 1395 1540; baseline -0.002 -13"><span class='ocrx_word' id='word_1_199' title='bbox 91 1497 227 1537; x_wconf 79' lang='grc' dir='ltr'><strong><em>τόπους,</em></strong></span> <span class='ocrx_word' id='word_1_200' title='bbox 247 1497 347 1540; x_wconf 69' lang='grc' dir='ltr'><strong><em>εἰκός,</em></strong></span> <span class='ocrx_word' id='word_1_201' title='bbox 367 1494 464 1537; x_wconf 76' lang='grc' dir='ltr'><em>ἦθος,</em></span> <span class='ocrx_word' id='word_1_202' title='bbox 483 1496 593 1533; x_wconf 81' lang='grc' dir='ltr'><em>πάθος</em></span> <span class='ocrx_word' id='word_1_203' title='bbox 611 1496 767 1527; x_wconf 83' lang='lat' dir='ltr'>docebant</span> <span class='ocrx_word' id='word_1_204' title='bbox 786 1497 818 1526; x_wconf 89' lang='lat' dir='ltr'>et</span> <span class='ocrx_word' id='word_1_205' title='bbox 837 1495 992 1526; x_wconf 88' lang='lat' dir='ltr'>orationis</span> <span class='ocrx_word' id='word_1_206' title='bbox 1012 1495 1153 1537; x_wconf 85' lang='lat' dir='ltr'>singulas</span> <span class='ocrx_word' id='word_1_207' title='bbox 1172 1496 1280 1536; x_wconf 84' lang='lat' dir='ltr'>partes</span> <span class='ocrx_word' id='word_1_208' title='bbox 1300 1493 1395 1537; x_wconf 80' lang='grc' dir='ltr'>(μέρη</span> 
     </span>
     <span class='ocr_line' id='line_1_25' title="bbox 92 1547 1395 1591; baseline -0.001 -11"><span class='ocrx_word' id='word_1_209' title='bbox 92 1554 151 1580; x_wconf 83' lang='grc' dir='ltr'>τοῦ</span> <span class='ocrx_word' id='word_1_210' title='bbox 170 1548 288 1591; x_wconf 75' lang='grc' dir='ltr'>λόγου)</span> <span class='ocrx_word' id='word_1_211' title='bbox 307 1549 484 1591; x_wconf 83' lang='lat' dir='ltr'>praeceptis</span> <span class='ocrx_word' id='word_1_212' title='bbox 504 1547 742 1591; x_wconf 82' lang='lat' dir='ltr'>instruebant.³)</span> <span class='ocrx_word' id='word_1_213' title='bbox 771 1547 839 1586; x_wconf 84' lang='lat' dir='ltr'>Qua</span> <span class='ocrx_word' id='word_1_214' title='bbox 859 1548 892 1579; x_wconf 82' lang='lat' dir='ltr'>in</span> <span class='ocrx_word' id='word_1_215' title='bbox 910 1559 944 1579; x_wconf 88' lang='lat' dir='ltr'>re</span> <span class='ocrx_word' id='word_1_216' title='bbox 964 1550 1212 1580; x_wconf 88' lang='lat' dir='ltr'>consentaneum</span> <span class='ocrx_word' id='word_1_217' title='bbox 1232 1550 1280 1580; x_wconf 90' lang='lat' dir='ltr'>est</span> <span class='ocrx_word' id='word_1_218' title='bbox 1299 1548 1395 1580; x_wconf 87' lang='lat' dir='ltr'>etiam</span> 
     </span>
     <span class='ocr_line' id='line_1_26' title="bbox 92 1601 1397 1644; baseline 0 -11"><span class='ocrx_word' id='word_1_219' title='bbox 92 1602 130 1633; x_wconf 90' lang='lat' dir='ltr'>de</span> <span class='ocrx_word' id='word_1_220' title='bbox 145 1602 250 1634; x_wconf 86' lang='lat' dir='ltr'>verbis</span> <span class='ocrx_word' id='word_1_221' title='bbox 265 1602 386 1634; x_wconf 87' lang='lat' dir='ltr'>idoneis</span> <span class='ocrx_word' id='word_1_222' title='bbox 406 1603 561 1644; x_wconf 79' lang='lat' dir='ltr'>quaedam</span> <span class='ocrx_word' id='word_1_223' title='bbox 577 1602 736 1643; x_wconf 82' lang='lat' dir='ltr'>explicata</span> <span class='ocrx_word' id='word_1_224' title='bbox 750 1613 818 1634; x_wconf 85' lang='lat' dir='ltr'>esse</span> <span class='ocrx_word' id='word_1_225' title='bbox 833 1601 933 1633; x_wconf 82' lang='lat' dir='ltr'>veluti</span> <span class='ocrx_word' id='word_1_226' title='bbox 953 1602 985 1632; x_wconf 91' lang='lat' dir='ltr'>in</span> <span class='ocrx_word' id='word_1_227' title='bbox 1000 1602 1192 1642; x_wconf 84' lang='lat' dir='ltr'>narratione,</span> <span class='ocrx_word' id='word_1_228' title='bbox 1211 1602 1265 1634; x_wconf 87' lang='lat' dir='ltr'>sed</span> <span class='ocrx_word' id='word_1_229' title='bbox 1282 1601 1397 1640; x_wconf 77' lang='grc' dir='ltr'><em>λέξεως</em></span> 
     </span>
     <span class='ocr_line' id='line_1_27' title="bbox 92 1654 1396 1697; baseline 0 -11"><span class='ocrx_word' id='word_1_230' title='bbox 92 1654 254 1687; x_wconf 87' lang='lat' dir='ltr'>institutio</span> <span class='ocrx_word' id='word_1_231' title='bbox 283 1656 423 1687; x_wconf 90' lang='lat' dir='ltr'>nondum</span> <span class='ocrx_word' id='word_1_232' title='bbox 453 1656 611 1697; x_wconf 87' lang='lat' dir='ltr'>descripta</span> <span class='ocrx_word' id='word_1_233' title='bbox 639 1658 715 1687; x_wconf 87' lang='lat' dir='ltr'>erat.</span> <span class='ocrx_word' id='word_1_234' title='bbox 758 1655 888 1696; x_wconf 89' lang='lat' dir='ltr'>Duplici</span> <span class='ocrx_word' id='word_1_235' title='bbox 915 1655 1040 1687; x_wconf 87' lang='lat' dir='ltr'>ratione</span> <span class='ocrx_word' id='word_1_236' title='bbox 1069 1655 1242 1696; x_wconf 85' lang='lat' dir='ltr'>discipulos</span> <span class='ocrx_word' id='word_1_237' title='bbox 1271 1655 1396 1686; x_wconf 89' lang='lat' dir='ltr'>dicendi</span> 
     </span>
     <span class='ocr_line' id='line_1_28' title="bbox 93 1708 1395 1751; baseline 0 -11"><span class='ocrx_word' id='word_1_238' title='bbox 93 1719 194 1751; x_wconf 87' lang='lat' dir='ltr'>genus</span> <span class='ocrx_word' id='word_1_239' title='bbox 209 1708 372 1741; x_wconf 85' lang='lat' dir='ltr'>docebant.</span> <span class='ocrx_word' id='word_1_240' title='bbox 399 1709 544 1741; x_wconf 88' lang='lat' dir='ltr'>Primum</span> <span class='ocrx_word' id='word_1_241' title='bbox 559 1709 687 1750; x_wconf 88' lang='lat' dir='ltr'>quidem</span> <span class='ocrx_word' id='word_1_242' title='bbox 702 1709 736 1740; x_wconf 90' lang='lat' dir='ltr'>in</span> <span class='ocrx_word' id='word_1_243' title='bbox 751 1711 918 1750; x_wconf 86' lang='lat' dir='ltr'>poetarum</span> <span class='ocrx_word' id='word_1_244' title='bbox 934 1708 1197 1750; x_wconf 84' lang='lat' dir='ltr'>interpretatione</span> <span class='ocrx_word' id='word_1_245' title='bbox 1211 1719 1275 1740; x_wconf 90' lang='lat' dir='ltr'>non</span> <span class='ocrx_word' id='word_1_246' title='bbox 1291 1709 1395 1740; x_wconf 88' lang='lat' dir='ltr'>solum</span> 
     </span>
     <span class='ocr_line' id='line_1_29' title="bbox 92 1761 1395 1805; baseline -0.001 -12"><span class='ocrx_word' id='word_1_247' title='bbox 92 1773 142 1793; x_wconf 89' lang='lat' dir='ltr'>res</span> <span class='ocrx_word' id='word_1_248' title='bbox 162 1762 362 1803; x_wconf 84' lang='lat' dir='ltr'>explicabant</span> <span class='ocrx_word' id='word_1_249' title='bbox 381 1761 434 1805; x_wconf 85' lang='lat' dir='ltr'>(cf.</span> <span class='ocrx_word' id='word_1_250' title='bbox 451 1762 624 1794; x_wconf 84' lang='lat' dir='ltr'>Simonidis</span> <span class='ocrx_word' id='word_1_251' title='bbox 644 1772 769 1794; x_wconf 86' lang='lat' dir='ltr'>carmen</span> <span class='ocrx_word' id='word_1_252' title='bbox 789 1763 822 1794; x_wconf 88' lang='lat' dir='ltr'>in</span> <span class='ocrx_word' id='word_1_253' title='bbox 843 1762 1018 1804; x_wconf 84' lang='lat' dir='ltr'>Protogora</span> <span class='ocrx_word' id='word_1_254' title='bbox 1036 1761 1205 1805; x_wconf 84' lang='lat' dir='ltr'>Platonis),</span> <span class='ocrx_word' id='word_1_255' title='bbox 1225 1762 1280 1794; x_wconf 84' lang='lat' dir='ltr'>sed</span> <span class='ocrx_word' id='word_1_256' title='bbox 1300 1762 1395 1793; x_wconf 84' lang='lat' dir='ltr'>etiam</span> 
     </span>
     <span class='ocr_line' id='line_1_30' title="bbox 91 1815 1395 1857; baseline 0.001 -11"><span class='ocrx_word' id='word_1_257' title='bbox 91 1815 213 1846; x_wconf 83' lang='lat' dir='ltr'>lumina</span> <span class='ocrx_word' id='word_1_258' title='bbox 231 1815 356 1847; x_wconf 88' lang='lat' dir='ltr'>dicendi</span> <span class='ocrx_word' id='word_1_259' title='bbox 375 1818 407 1847; x_wconf 88' lang='lat' dir='ltr'>et</span> <span class='ocrx_word' id='word_1_260' title='bbox 425 1816 522 1848; x_wconf 84' lang='lat' dir='ltr'>verba</span> <span class='ocrx_word' id='word_1_261' title='bbox 541 1816 679 1857; x_wconf 86' lang='lat' dir='ltr'>insignia</span> <span class='ocrx_word' id='word_1_262' title='bbox 698 1815 862 1857; x_wconf 80' lang='lat' dir='ltr'>notabant,</span> <span class='ocrx_word' id='word_1_263' title='bbox 882 1826 962 1857; x_wconf 85' lang='lat' dir='ltr'>quae</span> <span class='ocrx_word' id='word_1_264' title='bbox 982 1816 1061 1856; x_wconf 91' lang='lat' dir='ltr'>quin</span> <span class='ocrx_word' id='word_1_265' title='bbox 1080 1816 1114 1847; x_wconf 90' lang='lat' dir='ltr'>in</span> <span class='ocrx_word' id='word_1_266' title='bbox 1131 1826 1224 1847; x_wconf 91' lang='lat' dir='ltr'>usum</span> <span class='ocrx_word' id='word_1_267' title='bbox 1239 1815 1395 1856; x_wconf 87' lang='lat' dir='ltr'>pedestris</span> 
     </span>
     <span class='ocr_line' id='line_1_31' title="bbox 93 1867 1395 1911; baseline 0.001 -12"><span class='ocrx_word' id='word_1_268' title='bbox 93 1867 246 1900; x_wconf 81' lang='lat' dir='ltr'>orationis</span> <span class='ocrx_word' id='word_1_269' title='bbox 261 1870 490 1910; x_wconf 85' lang='lat' dir='ltr'>converterent,</span> <span class='ocrx_word' id='word_1_270' title='bbox 504 1869 602 1903; x_wconf 85' lang='lat' dir='ltr'>nullis</span> <span class='ocrx_word' id='word_1_271' title='bbox 616 1868 742 1911; x_wconf 89' lang='lat' dir='ltr'>legibus</span> <span class='ocrx_word' id='word_1_272' title='bbox 759 1868 1024 1911; x_wconf 52' lang='lat' dir='ltr'>coercebanturfi)</span> <span class='ocrx_word' id='word_1_273' title='bbox 1053 1868 1201 1900; x_wconf 88' lang='lat' dir='ltr'>Alterum</span> <span class='ocrx_word' id='word_1_274' title='bbox 1216 1871 1293 1910; x_wconf 86' lang='lat' dir='ltr'>erat,</span> <span class='ocrx_word' id='word_1_275' title='bbox 1311 1870 1395 1910; x_wconf 87' lang='lat' dir='ltr'>quod</span> 
     </span>
    </p>
   </div>
   <div class='ocr_carea' id='block_1_4' title="bbox 91 1931 202 1934">
    <p class='ocr_par' dir='ltr' id='par_1_5' title="bbox 91 1931 202 1934">
     <span class='ocr_line' id='line_1_32' title="bbox 91 1931 202 1934; baseline 0 0"><span class='ocrx_word' id='word_1_276' title='bbox 91 1931 202 1934; x_wconf 95' lang='lat' dir='ltr'> </span> 
     </span>
    </p>
   </div>
   <div class='ocr_carea' id='block_1_5' title="bbox 203 1932 284 1934">
    <p class='ocr_par' dir='ltr' id='par_1_6' title="bbox 203 1932 284 1934">
     <span class='ocr_line' id='line_1_33' title="bbox 203 1932 284 1934; baseline 0 0"><span class='ocrx_word' id='word_1_277' title='bbox 203 1932 284 1934; x_wconf 95' lang='lat' dir='ltr'> </span> 
     </span>
    </p>
   </div>
   <div class='ocr_carea' id='block_1_6' title="bbox 90 1963 1394 2316">
    <p class='ocr_par' dir='ltr' id='par_1_7' title="bbox 92 1963 1394 2079">
     <span class='ocr_line' id='line_1_34' title="bbox 181 1963 1394 1999; baseline 0 -9"><span class='ocrx_word' id='word_1_278' title='bbox 181 1965 207 1998; x_wconf 91' lang='lat'>1)</span> <span class='ocrx_word' id='word_1_279' title='bbox 225 1963 267 1991; x_wconf 85' lang='lat' dir='ltr'>De</span> <span class='ocrx_word' id='word_1_280' title='bbox 281 1964 469 1998; x_wconf 81' lang='lat' dir='ltr'>sophistarum</span> <span class='ocrx_word' id='word_1_281' title='bbox 485 1965 592 1991; x_wconf 86' lang='lat' dir='ltr'>artibus</span> <span class='ocrx_word' id='word_1_282' title='bbox 607 1965 754 1992; x_wconf 82' lang='lat' dir='ltr'>rhetoricis</span> <span class='ocrx_word' id='word_1_283' title='bbox 769 1965 900 1992; x_wconf 86' lang='lat' dir='ltr'>disseruit</span> <span class='ocrx_word' id='word_1_284' title='bbox 915 1965 1033 1992; x_wconf 85' lang='lat' dir='ltr'>Gercke:</span> <span class='ocrx_word' id='word_1_285' title='bbox 1053 1966 1172 1992; x_wconf 82' lang='lat' dir='ltr'>Hermae</span> <span class='ocrx_word' id='word_1_286' title='bbox 1192 1965 1243 1992; x_wconf 85' lang='lat' dir='ltr'>vol.</span> <span class='ocrx_word' id='word_1_287' title='bbox 1256 1968 1288 1991; x_wconf 77' lang='lat'>32</span> <span class='ocrx_word' id='word_1_288' title='bbox 1304 1967 1394 1999; x_wconf 83' lang='grc'>(1897)</span> 
     </span>
     <span class='ocr_line' id='line_1_35' title="bbox 93 2004 1394 2040; baseline 0.002 -11"><span class='ocrx_word' id='word_1_289' title='bbox 93 2012 119 2037; x_wconf 90' lang='lat' dir='ltr'>p.</span> <span class='ocrx_word' id='word_1_290' title='bbox 135 2005 183 2029; x_wconf 77' lang='lat'>341</span> <span class='ocrx_word' id='word_1_291' title='bbox 192 2012 251 2037; x_wconf 87' lang='lat' dir='ltr'>sqq.</span> <span class='ocrx_word' id='word_1_292' title='bbox 279 2004 411 2036; x_wconf 84' lang='lat' dir='ltr'>Quaestio</span> <span class='ocrx_word' id='word_1_293' title='bbox 431 2013 498 2031; x_wconf 85' lang='lat' dir='ltr'>sane</span> <span class='ocrx_word' id='word_1_294' title='bbox 517 2005 636 2032; x_wconf 82' lang='lat' dir='ltr'>obscura</span> <span class='ocrx_word' id='word_1_295' title='bbox 654 2006 706 2038; x_wconf 77' lang='lat' dir='ltr'>est,</span> <span class='ocrx_word' id='word_1_296' title='bbox 726 2006 783 2031; x_wconf 76' lang='lat' dir='ltr'>alia</span> <span class='ocrx_word' id='word_1_297' title='bbox 803 2006 837 2031; x_wconf 89' lang='lat' dir='ltr'>de</span> <span class='ocrx_word' id='word_1_298' title='bbox 856 2006 908 2032; x_wconf 86' lang='lat' dir='ltr'>hac</span> <span class='ocrx_word' id='word_1_299' title='bbox 927 2014 957 2032; x_wconf 90' lang='lat' dir='ltr'>re</span> <span class='ocrx_word' id='word_1_300' title='bbox 977 2005 1081 2040; x_wconf 84' lang='lat' dir='ltr'>scripta</span> <span class='ocrx_word' id='word_1_301' title='bbox 1100 2008 1246 2039; x_wconf 79' lang='lat' dir='ltr'>percenset</span> <span class='ocrx_word' id='word_1_302' title='bbox 1261 2006 1394 2040; x_wconf 70' lang='lat' dir='ltr'>Lehnert:</span> 
     </span>
     <span class='ocr_line' id='line_1_36' title="bbox 92 2043 600 2079; baseline 0.002 -9"><span class='ocrx_word' id='word_1_303' title='bbox 92 2043 222 2070; x_wconf 80' lang='lat' dir='ltr'>Bursiani</span> <span class='ocrx_word' id='word_1_304' title='bbox 240 2044 339 2071; x_wconf 85' lang='lat' dir='ltr'>Annal.</span> <span class='ocrx_word' id='word_1_305' title='bbox 359 2045 411 2071; x_wconf 88' lang='lat' dir='ltr'>vol.</span> <span class='ocrx_word' id='word_1_306' title='bbox 427 2048 477 2071; x_wconf 82' lang='lat'>125</span> <span class='ocrx_word' id='word_1_307' title='bbox 496 2054 523 2079; x_wconf 88' lang='lat' dir='ltr'>p.</span> <span class='ocrx_word' id='word_1_308' title='bbox 541 2048 600 2072; x_wconf 85' lang='lat'>109.</span> 
     </span>
    </p>

    <p class='ocr_par' dir='ltr' id='par_1_8' title="bbox 182 2083 1358 2120">
     <span class='ocr_line' id='line_1_37' title="bbox 182 2083 1358 2120; baseline 0.003 -11"><span class='ocrx_word' id='word_1_309' title='bbox 182 2085 208 2115; x_wconf 81' lang='lat'>2)</span> <span class='ocrx_word' id='word_1_310' title='bbox 227 2083 307 2110; x_wconf 85' lang='lat' dir='ltr'>Rhet.</span> <span class='ocrx_word' id='word_1_311' title='bbox 322 2085 359 2111; x_wconf 89' lang='lat'>111</span> <span class='ocrx_word' id='word_1_312' title='bbox 375 2085 488 2111; x_wconf 83' lang='lat' dir='ltr'>1405b5</span> <span class='ocrx_word' id='word_1_313' title='bbox 510 2085 543 2112; x_wconf 83' lang='lat' dir='ltr'>cf.</span> <span class='ocrx_word' id='word_1_314' title='bbox 559 2085 649 2112; x_wconf 89' lang='lat' dir='ltr'>Diels:</span> <span class='ocrx_word' id='word_1_315' title='bbox 669 2086 741 2112; x_wconf 86' lang='lat' dir='ltr'>Abh.</span> <span class='ocrx_word' id='word_1_316' title='bbox 757 2085 828 2112; x_wconf 86' lang='lat' dir='ltr'>Berl.</span> <span class='ocrx_word' id='word_1_317' title='bbox 844 2086 892 2112; x_wconf 83' lang='lat' dir='ltr'>Ac.</span> <span class='ocrx_word' id='word_1_318' title='bbox 912 2089 1030 2120; x_wconf 79' lang='lat' dir='ltr'>p.29sq.</span> <span class='ocrx_word' id='word_1_319' title='bbox 1052 2086 1129 2112; x_wconf 76' lang='lat' dir='ltr'>Sfiss:</span> <span class='ocrx_word' id='word_1_320' title='bbox 1150 2086 1236 2112; x_wconf 87' lang='lat' dir='ltr'>Ethos</span> <span class='ocrx_word' id='word_1_321' title='bbox 1256 2095 1282 2119; x_wconf 87' lang='lat' dir='ltr'>p.</span> <span class='ocrx_word' id='word_1_322' title='bbox 1300 2088 1358 2111; x_wconf 89' lang='grc'><strong>181.</strong></span> 
     </span>
    </p>

    <p class='ocr_par' dir='ltr' id='par_1_9' title="bbox 90 2123 1394 2279">
     <span class='ocr_line' id='line_1_38' title="bbox 181 2123 1393 2160; baseline 0.002 -12"><span class='ocrx_word' id='word_1_323' title='bbox 181 2124 207 2156; x_wconf 84' lang='grc'>3)</span> <span class='ocrx_word' id='word_1_324' title='bbox 227 2123 266 2149; x_wconf 77' lang='lat' dir='ltr'>cf.</span> <span class='ocrx_word' id='word_1_325' title='bbox 286 2132 357 2157; x_wconf 84' lang='lat' dir='ltr'>quae</span> <span class='ocrx_word' id='word_1_326' title='bbox 375 2125 404 2150; x_wconf 86' lang='lat' dir='ltr'>in</span> <span class='ocrx_word' id='word_1_327' title='bbox 423 2133 470 2151; x_wconf 88' lang='lat' dir='ltr'>eos</span> <span class='ocrx_word' id='word_1_328' title='bbox 488 2124 668 2160; x_wconf 74' lang='grc' dir='ltr'><em>τεχνολόγους</em></span> <span class='ocrx_word' id='word_1_329' title='bbox 683 2125 846 2152; x_wconf 84' lang='lat' dir='ltr'>Aristoteles</span> <span class='ocrx_word' id='word_1_330' title='bbox 867 2126 968 2152; x_wconf 83' lang='lat' dir='ltr'>dixerit</span> <span class='ocrx_word' id='word_1_331' title='bbox 983 2126 1064 2153; x_wconf 83' lang='lat' dir='ltr'>Rhet.</span> <span class='ocrx_word' id='word_1_332' title='bbox 1080 2127 1100 2159; x_wconf 75' lang='grc' dir='ltr'>Ι,</span> <span class='ocrx_word' id='word_1_333' title='bbox 1118 2130 1130 2152; x_wconf 86' lang='grc'><strong>1</strong></span> <span class='ocrx_word' id='word_1_334' title='bbox 1151 2136 1178 2160; x_wconf 91' lang='lat' dir='ltr'>p.</span> <span class='ocrx_word' id='word_1_335' title='bbox 1196 2125 1393 2152; x_wconf 68' lang='lat' dir='ltr'>1354a12b17</span> 
     </span>
     <span class='ocr_line' id='line_1_39' title="bbox 91 2162 1394 2200; baseline 0.002 -12"><span class='ocrx_word' id='word_1_336' title='bbox 91 2162 228 2189; x_wconf 78' lang='lat' dir='ltr'>Navme:</span> <span class='ocrx_word' id='word_1_337' title='bbox 252 2163 331 2189; x_wconf 80' lang='lat' dir='ltr'>Essai</span> <span class='ocrx_word' id='word_1_338' title='bbox 355 2172 402 2190; x_wconf 85' lang='lat' dir='ltr'>sur</span> <span class='ocrx_word' id='word_1_339' title='bbox 424 2165 452 2190; x_wconf 84' lang='lat' dir='ltr'>la.</span> <span class='ocrx_word' id='word_1_340' title='bbox 475 2165 634 2199; x_wconf 75' lang='lat' dir='ltr'>rhetorique</span> <span class='ocrx_word' id='word_1_341' title='bbox 653 2174 774 2200; x_wconf 85' lang='lat' dir='ltr'>grecque</span> <span class='ocrx_word' id='word_1_342' title='bbox 794 2167 878 2192; x_wconf 83' lang='lat' dir='ltr'>avant</span> <span class='ocrx_word' id='word_1_343' title='bbox 898 2166 1020 2192; x_wconf 82' lang='lat' dir='ltr'>Aristote</span> <span class='ocrx_word' id='word_1_344' title='bbox 1040 2166 1069 2192; x_wconf 86' lang='lat' dir='ltr'>in</span> <span class='ocrx_word' id='word_1_345' title='bbox 1089 2166 1178 2192; x_wconf 84' lang='lat' dir='ltr'>altera</span> <span class='ocrx_word' id='word_1_346' title='bbox 1198 2166 1289 2199; x_wconf 87' lang='lat' dir='ltr'>operis</span> <span class='ocrx_word' id='word_1_347' title='bbox 1313 2166 1394 2199; x_wconf 87' lang='lat' dir='ltr'>parte</span> 
     </span>
     <span class='ocr_line' id='line_1_40' title="bbox 90 2201 1394 2240; baseline 0.003 -13"><span class='ocrx_word' id='word_1_348' title='bbox 90 2201 189 2237; x_wconf 80' lang='grc' dir='ltr'><strong><em>τέχνην</em></strong></span> <span class='ocrx_word' id='word_1_349' title='bbox 203 2203 350 2230; x_wconf 83' lang='lat' dir='ltr'>restituere</span> <span class='ocrx_word' id='word_1_350' title='bbox 363 2205 491 2239; x_wconf 85' lang='lat' dir='ltr'>temptat.</span> <span class='ocrx_word' id='word_1_351' title='bbox 520 2205 690 2240; x_wconf 80' lang='lat' dir='ltr'>Protagorae</span> <span class='ocrx_word' id='word_1_352' title='bbox 703 2205 788 2232; x_wconf 83' lang='lat' dir='ltr'>verba</span> <span class='ocrx_word' id='word_1_353' title='bbox 801 2205 881 2239; x_wconf 82' lang='lat' dir='ltr'>Diog.</span> <span class='ocrx_word' id='word_1_354' title='bbox 893 2206 922 2231; x_wconf 81' lang='lat' dir='ltr'>L.</span> <span class='ocrx_word' id='word_1_355' title='bbox 933 2206 979 2238; x_wconf 82' lang='lat' dir='ltr'>IX,</span> <span class='ocrx_word' id='word_1_356' title='bbox 990 2209 1023 2231; x_wconf 80' lang='lat'>53</span> <span class='ocrx_word' id='word_1_357' title='bbox 1039 2206 1120 2239; x_wconf 86' lang='lat' dir='ltr'>(falso</span> <span class='ocrx_word' id='word_1_358' title='bbox 1132 2205 1265 2239; x_wconf 83' lang='lat' dir='ltr'>Spengel:</span> <span class='ocrx_word' id='word_1_359' title='bbox 1288 2207 1394 2239; x_wconf 80' lang='grc' dir='ltr'><strong><em>Συναγ.</em></strong></span> 
     </span>
     <span class='ocr_line' id='line_1_41' title="bbox 91 2243 828 2279; baseline 0.005 -11"><span class='ocrx_word' id='word_1_360' title='bbox 91 2251 161 2277; x_wconf 66' lang='lat' dir='ltr'>vexat.</span> <span class='ocrx_word' id='word_1_361' title='bbox 180 2252 207 2276; x_wconf 89' lang='lat' dir='ltr'>p.</span> <span class='ocrx_word' id='word_1_362' title='bbox 223 2244 266 2276; x_wconf 76' lang='lat'>44)</span> <span class='ocrx_word' id='word_1_363' title='bbox 286 2243 323 2269; x_wconf 85' lang='lat' dir='ltr'>ad</span> <span class='ocrx_word' id='word_1_364' title='bbox 342 2245 430 2270; x_wconf 82' lang='lat' dir='ltr'>artem</span> <span class='ocrx_word' id='word_1_365' title='bbox 448 2245 660 2278; x_wconf 84' lang='lat' dir='ltr'>grammaticam</span> <span class='ocrx_word' id='word_1_366' title='bbox 679 2245 828 2279; x_wconf 82' lang='lat' dir='ltr'>pertinent.</span> 
     </span>
    </p>

    <p class='ocr_par' dir='ltr' id='par_1_10' title="bbox 180 2282 703 2316">
     <span class='ocr_line' id='line_1_42' title="bbox 180 2282 703 2316; baseline 0.006 -8"><span class='ocrx_word' id='word_1_367' title='bbox 180 2285 206 2316; x_wconf 84' lang='lat'>4)</span> <span class='ocrx_word' id='word_1_368' title='bbox 227 2282 266 2310; x_wconf 84' lang='lat' dir='ltr'>cf.</span> <span class='ocrx_word' id='word_1_369' title='bbox 283 2283 398 2310; x_wconf 80' lang='lat' dir='ltr'>Aristot.</span> <span class='ocrx_word' id='word_1_370' title='bbox 414 2284 494 2311; x_wconf 84' lang='lat' dir='ltr'>Rhet.</span> <span class='ocrx_word' id='word_1_371' title='bbox 509 2284 547 2311; x_wconf 87' lang='grc' dir='ltr'>ΠΙ</span> <span class='ocrx_word' id='word_1_372' title='bbox 563 2288 703 2311; x_wconf 77' lang='lat' dir='ltr'>1404a26.</span> 
     </span>
    </p>
   </div>
  </div>
 </body>
</html>
