1566 2592
212 146 254 173 De
272 146 408 172 virtutum
427 143 540 171 dicendi
559 142 589 169 in
608 141 721 176 scriptis
741 141 846 167 criticis
864 149 917 167 usu
936 140 1020 173 atque
1038 138 1155 165 tatione.
1302 137 1319 168 7
1324 136 1344 168 9

37 230 144 261 tutum
164 227 335 260 discrimen
354 225 542 267 ἀναγκαίων
563 225 596 255 et
614 222 779 255 ἐπιθέτων
797 221 924 263 ἀρετῶν
945 221 1085 252 alienum
1109 220 1209 251 fuisse
1234 229 1346 250 omnes

37 282 152 314 docent
176 291 234 313 nos
259 281 371 320 testes,
397 289 476 320 quos
496 277 601 308 Eresii
624 276 743 307 librum
767 274 842 316 περὶ
866 274 982 312 λέξεως
1006 274 1131 305 secutos
1157 283 1224 304 esse
1249 283 1346 313 supra.

38 330 185 367 vidimus.
215 332 444 366 Gravissimum
460 330 601 362 Tulliani
616 328 760 361 Oratoris
781 328 815 370 (ξ
836 327 892 370 79)
912 328 1132 359 testimonium
1140 325 1166 368 ¹)
1187 325 1345 357 eiusmodi

38 391 99 430 est,
123 390 159 420 ut
179 388 324 429 quartam
342 386 496 417 virtutem
516 395 534 414 a
553 382 776 424 Theophrasto
795 392 861 413 non
881 381 987 412 minus
1006 379 1216 412 necessariam
1237 378 1346 410 existi-

38 442 119 474 mari
139 449 368 483 cognoscamus
392 448 488 479 quam
512 437 654 477 reliquas
678 437 751 467 tres.
780 434 964 466 Atticorum
988 433 1073 464 enim
1096 442 1197 474 genus
1221 431 1345 462 dicendi

37 494 147 527 Cicero
167 503 312 525 mancum
338 492 555 523 demonstrare
576 489 691 526 voluit,
715 498 787 520 cum
812 487 943 519 diceret:
966 485 1094 527 „Unum
1118 484 1235 525 aberit,
1259 484 1346 526 quod

37 549 186 590 quartum
210 547 358 578 numerat
381 544 623 585 Theophrastus
648 541 682 573 in
709 541 863 573 orationis
888 539 1065 571 laudibus.“
1098 538 1203 575 Quid?
1231 538 1258 568 si
1283 537 1349 568 hoc

37 602 187 642 quartum
207 610 272 631 non
290 598 505 631 necessarium
525 596 637 628 ceteris
655 594 843 627 necessariis
863 593 1046 635 oppositum
1068 593 1160 631 esset,
1186 591 1272 622 itane
1291 601 1346 632 po-

36 654 101 685 tuit
129 652 237 685 Cicero
264 652 390 684 Atticos
418 649 578 683 refutare?
606 648 658 680 An
685 658 782 691 grave
807 647 870 679 hoc
895 648 943 678 est
969 646 1103 686 crimen,
1132 655 1203 676 cum
1234 654 1346 675 omnes

38 707 214 748 ἀναγκαῖαι
234 705 349 747 ἀρεταί
365 704 594 744 concedantur,
621 701 795 739 ἐπιθέτους
815 700 969 742 quasdam
989 699 1118 731 deesse?
1147 697 1224 730 Non
1242 697 1347 740 magis

36 760 112 792 libri
131 759 180 791 De
200 758 333 791 Oratore
352 756 557 799 partitionem
577 756 666 787 illam
686 754 847 786 exhibent.
881 753 943 785 Sed
963 753 996 784 in
1015 751 1249 784 Partitionibus
1269 750 1346 782 Ora-

38 812 144 854 toriis,
169 811 286 854 quibus
305 811 461 842 virtutum
481 810 563 841 ratio
583 808 807 850 Theophrasto
829 807 987 839 recentior
1010 807 1107 847 inest,
1131 805 1227 837 etiam
1251 804 1348 836 vesti-

38 866 128 909 gium
159 865 332 907 quoddam,
363 865 432 895 leve
458 874 533 895 sane
560 864 591 893 et
617 862 721 893 alieno
750 862 822 893 loco
848 860 1004 902 positum,
1029 859 1200 901 reperitur:
1225 858 1350 890 lumina

38 919 174 960 scilicet,
203 929 338 959 quarum
367 928 440 949 cum
469 915 644 948 virtutibus
672 915 861 946 affinitatem
891 914 1114 956 cognovimus,
1142 912 1348 944 distinctione

37 973 227 1013 ἀναγκαίων
249 973 282 1002 et
307 969 472 1002 ἐπιθέτων
495 971 616 1009 carent,
640 969 671 999 in
696 967 889 999 narrationis
913 969 1019 998 autem
1040 966 1215 998 virtutibus
1235 965 1347 997 Cicero

38 1026 107 1057 eius
126 1025 320 1056 mentionem
339 1023 418 1055 facit
436 1023 487 1054 his
506 1022 624 1054 verbis:
644 1021 747 1063 „Nam
770 1023 807 1052 ut
830 1020 967 1052 dilucide
986 1019 1260 1061 probabiliterque
1278 1029 1348 1049 nar-

38 1089 159 1118 remus,
187 1074 392 1110 necessarium
420 1078 482 1118 est3
510 1076 564 1107 sed
592 1085 784 1107 assumemus
809 1074 905 1106 etiam
935 1073 1144 1105 suavitatem“
1163 1071 1262 1115 (Part.
1281 1070 1347 1114 31).

39 1131 131 1179 Unde
151 1131 255 1163 denuo
275 1130 475 1172 intellegitur
494 1128 669 1166 ἐπιθέτους
687 1128 805 1169 ἀρετάς
822 1127 905 1159 nihil
920 1137 987 1158 esse
1002 1127 1064 1158 nisi
1080 1129 1237 1164 ornatum,
1257 1126 1348 1157 ouius

37 1175 110 1218 loco
134 1177 167 1217 in
187 1183 444 1216 ‘Partitionibus’
464 1183 604 1214 suavitas
627 1182 782 1225 fungitur.
815 1180 928 1222 Neque
947 1179 1071 1212 Auctor
1090 1180 1130 1211 ad
1150 1179 1347 1211 Herennium

37 1249 142 1280 neque
160 1232 412 1279 Quintilianus2)
440 1237 575 1268 virtutes
603 1235 794 1267 elocutionis
822 1235 855 1266 in
884 1234 1078 1266 necessarias
1107 1235 1138 1264 et
1167 1234 1350 1274 assumptas

39 1291 194 1324 dividunt.
230 1290 396 1331 Sequitur,
419 1291 456 1321 ut
479 1289 721 1330 Theophrastus
743 1287 928 1320 liberandus
952 1287 994 1319 sit
1017 1287 1192 1329 partitione
1216 1286 1256 1318 ab
1280 1286 1348 1317 eius

38 1345 213 1395 virtutibus
232 1343 372 1385 maxime
390 1343 502 1375 aliena.
505 1341 531 1385 ⁸)
559 1342 647 1380 Quae
666 1342 759 1373 nobis
778 1342 934 1373 virtutum
959 1340 1224 1382 persequentibus
1248 1339 1349 1370 histo-

42 1392 122 1430 riam
141 1397 253 1440 magni
270 1397 424 1428 momenti
444 1398 501 1437 est,
520 1395 672 1437 quoniam
692 1396 726 1426 in
745 1394 861 1426 molem
882 1394 1073 1436 indigestam
1095 1393 1270 1424 multarum
1286 1393 1347 1424 vir-

40 1453 161 1492 tutum,
181 1450 298 1492 quibus
317 1449 393 1481 libri
412 1449 451 1481 ad
470 1449 588 1481 iudicia
607 1447 747 1491 (κρίσιν)
767 1450 799 1479 et
818 1447 858 1479 ad
878 1447 1088 1479 imitationem
1110 1445 1276 1489 (μίμησιν)
1296 1457 1350 1486 pa-

40 1505 103 1536 rati
118 1504 300 1545 utebantur,
315 1503 459 1535 ordinem
474 1501 655 1544 restituit.⁴)
674 1501 760 1539 Quot
775 1503 882 1533 autem
896 1501 1032 1532 virtutes
1047 1500 1173 1532 duobus
1189 1499 1349 1541 capitibus

41 1557 231 1598 ἀναγκαίων
253 1559 286 1588 et
311 1555 475 1588 ἐπιθέτων
499 1556 737 1598 subiungendae
761 1556 881 1596 essent,
903 1565 969 1586 non
988 1554 1166 1586 constabat.
1193 1553 1351 1585 Videmus

40 1610 232 1652 Dionysium
252 1610 384 1642 eandem
399 1610 551 1642 virtutem
571 1610 605 1641 in
623 1609 684 1640 hac
702 1610 795 1650 parte
814 1608 919 1649 operis
939 1607 1117 1648 simplicem
1136 1606 1296 1647 adhibere,
1315 1606 1349 1637 in

40 1664 98 1696 illa
117 1663 257 1695 dividere
276 1663 310 1695 in
328 1661 473 1706 plures.⁵)
503 1662 564 1695 Sed
584 1673 656 1694 cum
672 1661 815 1694 variandi
834 1672 929 1692 eausa
948 1661 1044 1692 etiam
1064 1660 1197 1692 diversis
1212 1659 1350 1692 nomini-

40 1717 102 1749 bus
122 1716 262 1748 eiusdem
282 1716 411 1748 virtutis
431 1716 479 1748 uti
498 1716 608 1757 soleat,
626 1715 802 1748 cavendum
817 1717 873 1756 est,
892 1725 932 1746 ne
951 1714 1082 1746 eandem
1099 1714 1226 1755 saepius
1241 1724 1352 1744 nume-

132 1854 157 1888 1)
176 1852 385 1887 Geigenmiiller
399 1855 435 1887 (p.
449 1854 492 1887 12)
507 1853 577 1879 duos
591 1853 737 1886 praeterea
751 1851 826 1878 locos
838 1850 962 1878 Orator-is
976 1850 1069 1877 affert:
1087 1850 1131 1877 Or.
1143 1853 1189 1876 69:
1210 1850 1349 1883 „Probare

41 1894 208 1921 necessitatis
222 1894 272 1926 est,
293 1892 433 1919 delectare
447 1893 620 1926 suavitatis¹‘‚
639 1893 667 1919 et
682 1892 726 1919 Or.
744 1895 803 1924 185,
823 1891 871 1917 ubi
886 1891 1052 1918 necessitatis
1071 1890 1185 1917 inventa
1204 1898 1350 1924 opponun-

41 1934 90 1960 tur
111 1934 259 1967 voluptatis
281 1933 409 1959 inventis.
446 1932 501 1959 Sed
524 1933 559 1959 de
581 1933 714 1960 virtutum
740 1931 876 1958 divisione
900 1939 1012 1965 prorsus
1035 1930 1107 1957 nihil
1130 1930 1196 1956 inde
1220 1930 1350 1957 concludi

42 1974 144 2008 potest,
163 1981 214 2000 nec
232 1973 323 2008 magis
342 1982 376 1999 ex
394 1973 436 1999 De
455 1972 499 1999 Or.
519 1972 556 1998 ΙΙΙ
576 1975 617 1999 52.

133 2019 159 2051 2)
179 2017 258 2044 Certe
274 2017 464 2049 Quintilianus
484 2017 518 2043 de
538 2017 674 2043 divisione
692 2016 743 2043 illa
762 2017 838 2043 tacet
856 2016 886 2042 in
905 2018 984 2050 parte
1003 2016 1067 2049 περὶ
1085 2015 1182 2047 λέξεως
1201 2014 1271 2049 (Lib.
1286 2014 1350 2041 VIII

44 2057 134 2092 —X1).
165 2057 219 2084 Sed
242 2065 277 2084 ne
300 2057 349 2084 ille
372 2057 485 2091 quidem
505 2057 590 2089 locus⁷
615 2065 697 2091 quem
717 2065 750 2083 ex
766 2056 839 2082 libro
854 2055 903 2082 ΧΠ
921 2058 1001 2088 10,43
1021 2054 1229 2089 Geigenmiiller
1253 2054 1351 2081 attulit

43 2099 80 2132 (p.
98 2099 150 2130 12),
170 2097 204 2123 de
223 2097 354 2124 virtutum
373 2097 524 2131 partitione
543 2096 735 2123 testimonium
753 2096 877 2131 praebet.

134 2143 161 2175 3)
181 2141 269 2174 Quam
289 2141 315 2168 ei
333 2141 433 2168 tribuit
452 2142 538 2168 etiam
557 2141 686 2175 Mayerus
706 2143 743 2175 (p.
760 2142 842 2175 17‚2).

134 2188 161 2219 4)
179 2186 332 2220 Dionysius
351 2186 380 2212 in
399 2185 478 2212 libris
496 2186 560 2219 περὶ
579 2185 723 2220 μιμήσεως,
743 2185 777 2212 de
796 2185 974 2219 Thucydide.
994 2185 1028 2211 de
1047 2184 1191 2210 Demosth.
1211 2184 1284 2210 inter
1302 2191 1350 2209 ne-

45 2225 180 2253 cessarias
199 2227 228 2252 et
246 2225 369 2252 adscitas
388 2225 538 2252 discrimen
556 2226 631 2252 fecit.
661 2226 747 2252 Locos
767 2225 882 2259 collegit
902 2224 1109 2262 Geigenmiiller
1127 2233 1154 2258 p.
1172 2227 1202 2250 11
1210 2233 1251 2257 sq.

135 2271 162 2303 5)
180 2270 266 2296 Recte
281 2269 500 2304 Geigenmiiller:
521 2270 615 2303 „Quae
635 2279 697 2296 cum
716 2270 758 2297 ita
777 2270 841 2302 sint,
860 2271 892 2295 ut
907 2269 979 2296 aliae
993 2269 1022 2295 in
1038 2269 1109 2295 alias
1124 2268 1283 2295 redundent
1297 2268 1353 2293 vir-

45 2311 129 2343 tutes,
147 2309 232 2337 facile
251 2309 372 2336 accidit“
392 2312 428 2344 (p.
440 2311 492 2344 13).
