1566 2592
146 135 208 165 126
713 134 804 169 Caput
822 134 892 161 vm.

141 216 322 248 aedificium
352 227 391 247 ex
425 216 588 248 veteribus
617 215 778 258 lapidibus
812 218 1005 258 construxit,
1034 217 1171 249 virtutes
1197 217 1456 260 Theophrasto„

82 270 85 307 ’,
141 270 288 301 imitatus
308 272 357 302 est
377 269 442 301 suis
464 269 553 302 ideis.
581 269 630 301 Ea
649 272 766 311 autem,
786 281 867 311 quae
886 271 970 302 inter
984 270 1122 303 virtutes
1142 274 1174 303 et
1193 271 1280 303 ideas
1296 271 1457 313 differunt,

140 324 250 355 omnia
266 335 305 355 ex
320 323 502 355 imitatione
518 325 589 355 orta
603 325 689 364 sunt,
708 334 779 355 cum
797 323 981 365 praeceptio
1001 323 1115 363 λέξεως
1134 325 1175 357 ad
1190 327 1298 357 vetera
1312 326 1458 367 exempla
1481 317 1485 319 ⁵

141 377 336 419 Atticorum,
355 377 495 408 maxime
515 376 744 409 Demosthenis
763 378 1065 409 accommodaretur.
1095 377 1158 410 Sed
1178 379 1218 419 is,
1242 379 1298 420 qui
1321 379 1457 411 virtutes

140 431 298 471 condidit,
321 430 422 462 totius
442 430 572 469 λέξεως,
596 430 710 462 tertiae
729 431 807 462 artis
827 431 941 472 partis,
964 431 1122 463 rationem
1141 432 1320 464 constituit.
1355 431 1458 464 Theo-

140 485 293 527 phrastus
316 495 380 516 non
401 484 504 516 solum
531 484 743 526 philosophus
768 486 830 524 est,
854 484 908 515 sed
933 484 1029 516 etiam
1052 484 1247 517 rhetoricum
1267 485 1329 517 sibi
1349 486 1458 528 exegit

142 539 388 570 monumentum
408 548 480 569 aere
499 538 680 579 perennius.

232 591 351 623 Nostra
371 591 526 623 intererat
546 591 631 632 ipsas
651 591 788 623 virtutes
809 602 1002 633 cognoscere
1021 593 1053 623 et
1078 591 1117 623 iis
1142 591 1277 624 ducibus
1301 593 1388 624 viam
1411 603 1458 624 re-

142 646 246 688 perire
265 646 305 677 ad
325 645 542 686 Theophrasti
562 645 679 676 librum
701 644 776 686 περὶ
796 644 920 683 λέξεως.
948 644 1140 686 Priusquam
1165 647 1273 676 autem
1296 645 1372 677 huie
1395 645 1459 678 dis-

141 699 303 741 putationi
329 699 425 730 finem
446 698 575 730 tandem
596 699 775 740 imponam,
800 699 970 730 admonere
989 698 1099 739 liceat,
1125 701 1282 740 quantum
1301 699 1459 731 virtutum

141 753 278 785 historia
300 753 404 784 valeat
422 752 462 783 ad
482 755 630 784 nostrum
650 752 688 784 de
708 752 845 794 singulis
865 753 994 794 scriptis
1014 754 1045 784 et
1064 752 1275 794 scriptoribus
1294 752 1457 784 iudicium.

141 807 335 848 Dionysium
356 808 387 837 et
407 805 591 837 Ciceronem
612 806 710 838 affero
731 807 886 847 exempla,
906 806 966 838 etsi
987 817 1098 838 omnes
1116 817 1182 838 non
1201 806 1306 838 solum
1326 805 1459 848 scripto-

142 871 202 900 res,
221 860 275 891 sed
295 860 394 891 etiam
414 859 490 890 libri
510 859 630 901 singuli
650 870 687 891 ea
705 860 831 891 ratione
850 860 1057 900 percensendi
1078 862 1161 891 sunt.

232 913 408 955 Dionysius
427 915 517 945 totus
537 924 555 943 a
574 924 632 944 sua
651 915 764 951 aetate,
784 924 802 944 a
822 924 897 944 suae
916 915 1032 945 aetatis
1051 913 1167 945 studiis
1187 915 1219 945 et
1235 913 1459 946 voluntatibus

141 967 261 1009 pendet
280 978 384 1008 neque
404 977 437 998 se
458 966 563 1008 ipsum
584 968 692 1008 potest
707 967 843 998 liberare
858 977 960 1008 neque
976 966 1016 1008 id,
1038 967 1125 1008 quod
1140 969 1188 998 est
1203 967 1314 1009 magni
1328 966 1460 1010 ingenii,

69 1024 83 1064 ξ
142 1021 271 1053 vincula
291 1021 369 1052 artis
388 1021 495 1052 levare
516 1022 547 1052 et
562 1031 662 1052 novas
677 1020 857 1062 patefacere
872 1020 949 1052 vias.
978 1020 1093 1062 Itaque
1107 1021 1174 1052 eius
1191 1021 1312 1062 scripta
1326 1021 1359 1052 in
1375 1020 1460 1052 diem

143 1075 251 1116 potius
276 1085 372 1116 quam
396 1074 430 1105 in
454 1075 581 1106 saecula
604 1074 726 1114 valent,
752 1076 875 1105 veteres
899 1076 1007 1105 autem
1031 1076 1190 1115 auctores,
1214 1074 1332 1116 quibus
1356 1076 1462 1113 osten-

143 1128 258 1160 tandae
278 1128 442 1160 doctrinae
462 1139 558 1160 causa
576 1139 654 1159 usus
673 1130 731 1168 est,
750 1127 790 1159 ad
809 1139 924 1159 novam
945 1127 1104 1159 rationem
1124 1127 1343 1159 commutavit.
1372 1126 1460 1165 Quae

143 1192 216 1213 cum
241 1182 286 1213 ita
313 1182 388 1222 sint,
407 1182 557 1223 Dionysii
581 1182 717 1223 scripta,
741 1192 848 1213 veram
874 1192 948 1213 suae
973 1182 1087 1212 aetatis
1112 1181 1314 1224 progeniem,
1334 1183 1371 1212 ut
1390 1192 1460 1224 gra·

144 1235 268 1267 tissima
287 1235 430 1267 arbitror
448 1235 542 1267 nobis
558 1246 626 1267 esse
641 1235 681 1267 ad
696 1235 774 1277 ipsa,
794 1246 875 1276 quae
895 1237 965 1266 tum
984 1237 1084 1276 erant,
1104 1235 1211 1266 studia
1230 1235 1461 1277 cognoscenda,

144 1290 189 1321 ita
208 1300 274 1321 non
289 1290 357 1321 sine
377 1291 472 1321 cauto
493 1289 613 1321 iudicio
634 1289 780 1321 adhiberi
798 1299 893 1330 posse
913 1288 953 1319 ad
973 1288 1188 1320 restituendos
1209 1291 1332 1321 veteres
1352 1291 1460 1321 aucto-

144 1354 207 1385 res,
227 1354 364 1384 quorum
384 1343 460 1374 libri
481 1343 640 1384 deperditi
659 1344 743 1374 sunt.

235 1396 422 1428 Ciceronem
450 1407 526 1428 vero
556 1398 590 1428 in
619 1396 842 1438 praeceptione
871 1396 949 1427 artis
979 1395 1158 1428 rhetoricae
1189 1395 1253 1427 tale
1286 1395 1462 1438 ingenium,

145 1450 232 1492 quod
253 1450 391 1482 multum
412 1450 601 1492 aequalibus
620 1451 843 1492 praecurrerit,
862 1449 964 1481 audeo
983 1450 1182 1482 existimare:
1202 1449 1230 1480 is
1249 1460 1287 1481 eo
1307 1451 1462 1492 tempore,

146 1515 218 1536 cum
239 1504 403 1535 ‘imitatio'
424 1503 546 1535 Romae
566 1504 707 1535 maxima
726 1503 918 1535 auctoritate
941 1503 1093 1535 utebatur
1116 1506 1148 1535 et
1171 1514 1283 1534 omnes
1302 1503 1381 1544 fere,
1406 1502 1462 1544 qui

145 1557 335 1599 prudentiae
359 1561 391 1590 et
414 1557 537 1600 ingenii
560 1568 679 1589 nomen
703 1559 800 1598 atque
824 1557 950 1598 generis
972 1557 1177 1588 nobilitatem
1201 1556 1408 1598 affectabant,
1429 1556 1464 1589 in

146 1611 330 1644 Atticorum
350 1622 484 1643 numero
506 1611 718 1652 ducebantur,
743 1622 761 1642 a
779 1613 866 1642 recta
885 1611 938 1642 via
956 1621 1022 1642 non
1041 1610 1214 1650 aberravit,
1239 1610 1293 1641 sed
1318 1611 1462 1642 veterum

146 1658 436 1706 Peripateticorum
456 1665 628 1706 rationem,
652 1676 716 1706 qua
735 1664 954 1696 adulescentes
975 1663 1099 1695 dicendi
1119 1663 1281 1695 studiosos
1300 1663 1340 1694 ad
1359 1663 1463 1695 elocu-

147 1719 269 1750 tionem
295 1721 327 1750 et
354 1718 561 1751 artificiosam
590 1720 622 1750 et
647 1718 783 1750 liberam
810 1717 942 1759 perduci
970 1719 1178 1760 cognoverat,
1204 1716 1317 1748 Latine
1344 1716 1463 1749 docuit.

146 1771 225 1804 Tam
244 1772 319 1803 libri
339 1771 388 1803 De
408 1771 543 1804 Oratore
563 1783 656 1813 quam
679 1771 799 1803 Brutus
819 1773 851 1802 et
870 1770 988 1802 Orator
1007 1773 1119 1802 contra
1138 1770 1337 1802 dominantia
1356 1769 1463 1802 studia

147 1825 301 1857 dimicant
321 1827 352 1857 et
371 1826 450 1857 artis
470 1826 617 1866 formam,
637 1836 733 1866 quam
754 1825 858 1867 magis
874 1835 980 1856 veram
998 1827 1029 1855 et
1044 1824 1083 1856 ad
1098 1826 1244 1855 naturam
1260 1823 1463 1864 eloquentiae

147 1880 250 1921 magis
278 1879 425 1911 idoneam
454 1890 523 1910 esse
550 1890 615 1910 non
647 1889 817 1920 possumus
851 1889 916 1909 non
948 1877 1134 1918 concedere,
1166 1887 1238 1908 cum
1272 1877 1463 1909 auctoritate

146 1944 265 1974 magno
292 1935 418 1964 oratore
444 1932 543 1975 digna
568 1936 742 1974 exponunt.
771 1931 863 1969 Quod
890 1931 923 1962 in
946 1930 1071 1962 Latinis
1101 1930 1218 1961 litteris
1245 1930 1319 1961 talis
1344 1930 1464 1972 rhetor,

147 1986 253 2028 qualis
282 1988 330 2017 est
357 1986 477 2018 Fabius
508 1986 740 2027 Quintilianus,
769 1985 905 2016 existere
933 1984 1042 2026 potuit
1070 1983 1181 2015 eodem
1210 1985 1370 2025 tempore,
1398 1994 1462 2025 quo

126 2052 129 2055 ·
148 2038 260 2071 Graeci
280 2039 416 2070 vinculis
435 2041 600 2080 μιμήσεως
621 2038 825 2070 vehementer
838 2037 1038 2076 tenebantur,
1059 2037 1205 2069 Ciceroni
1219 2037 1308 2068 laudi
1322 2037 1463 2069 tribuen-

148 2093 224 2124 dum
245 2095 302 2124 est.
330 2092 414 2124 Tota
433 2093 564 2124 omnino
585 2092 749 2123 rhetorum
770 2091 958 2123 Latinorum
979 2102 1093 2122 manus
1114 2103 1132 2122 a
1149 2090 1314 2123 Ciceronis
1333 2090 1462 2133 ingenio

147 2147 246 2179 ducta
264 2151 312 2178 est
330 2157 443 2187 neque,
463 2146 539 2178 dum
557 2146 711 2187 sequitur,
731 2145 858 2177 erravit.
888 2144 937 2176 Ex
954 2143 1118 2177 Ciceronis
1133 2146 1239 2176 autem
1255 2156 1310 2176 ore
1324 2144 1462 2176 facundo

148 2200 336 2242 philosophi
361 2199 472 2232 Graeci
500 2199 575 2240 περὶ
600 2199 716 2238 λέξεως
744 2198 890 2231 doctrina
913 2198 953 2230 ad
977 2200 1120 2230 nostram
1146 2200 1283 2230 aetatem
1310 2198 1463 2240 loquitur.

150 2254 281 2287 Utinam
302 2254 516 2296 Theophrasti
536 2254 693 2295 interpres
713 2253 774 2284 tibi
793 2253 922 2284 fueriml

773 2336 845 2346 ὴ,-
859 2340 862 2341 ⁷
