1566 2592
491 139 534 166 De
552 138 721 165 narrationis
740 137 898 164 virtutibus.
1309 134 1357 164 47*

134 223 210 255 Tria
228 223 327 266 igitur
346 221 414 262 illa,
438 231 520 262 quae
538 219 691 251 Isocratei
711 230 730 250 a
747 218 930 250 narratione
950 218 1127 259 postulant,
1152 217 1247 248 etiam
1267 214 1355 247 Ano-

44 288 162 328 nym-us
186 276 290 316 docet,
314 285 381 306 non
399 284 490 307 secus
509 275 605 314 atque
630 271 847 310 Quintilianus
865 271 898 302 in
918 281 976 302 sua
1006 270 1106 312 ipsius
1130 269 1354 311 praeceptione

47 341 125 363 voce
149 330 274 371 ἀρετῶν
295 339 331 360 ea
352 328 494 369 appellat
514 338 544 368 p.
559 325 634 365 365,
648 325 668 356 6
684 324 750 366 Sp:
740 324 806 355 -.:H
829 323 941 364 ἐπειδὴ
957 322 994 355 δε
1015 327 1072 364 τῆς
1094 323 1276 364 διηγησεως
1296 323 1354 359 τὰς

47 384 164 426 ἀρετάς
183 393 291 424 φαμεν
309 382 370 422 τήν
388 392 423 412 τε
443 380 625 420 συντομίαν
643 377 697 410 καὶ
717 379 777 419 τὴν
793 378 978 419 σαφήνειαν
993 375 1046 408 καὶ
1062 377 1122 417 τὴν
1136 378 1354 416 πιθανότητα,

46 439 159 479 καιρὸς
177 435 219 468 ἂν
238 435 286 476 εἴη
307 434 416 475 λέγειν
434 433 509 475 περὶ
529 432 673 473 ἑκάστης.
702 431 780 462 Tres
804 431 953 471 deinceps
973 430 1107 461 virtutes
1132 428 1285 460 describit
1308 428 1354 460 di-

46 490 168 522 visione
195 499 320 530 semper
347 488 431 519 facta
459 477 543 518 inter
570 485 716 527 ὀνόματα
743 486 775 515 et
803 483 986 525 πράγματα.
1022 482 1129 514 Etiam
1158 483 1354 522 πιθανότης,

45 543 214 586 praecipua
232 544 264 574 et
282 541 421 573 maxime
444 539 575 582 propria
598 538 748 570 narrandi
771 537 887 577 virtus,
912 547 994 578 quae
1017 536 1100 577 apud
1121 535 1360 567 Anaximenemv

45 597 215 628 verborum
235 595 339 636 capite
358 595 453 635 caret,
472 593 623 625 λεκτικόν
642 593 704 623 iam
720 590 945 632 complectitur
958 591 1070 622 τόπον.
1099 589 1198 621 Nullo
1213 590 1286 630 post
1301 599 1354 619 eas

45 652 110 681 tres
129 649 233 691 spatio
253 647 436 680 intermisso
456 646 565 678 statim
584 645 691 687 pergit
714 644 885 686 explicare,
911 643 1071 685 quomodo
1095 642 1189 684 ἡδεῖα
1209 644 1241 674 et
1259 653 1354 683 μεγα-

0 704 4 708 '
46 703 210 744 λοπρεπής
232 701 374 733 narratio
394 701 459 741 fiat,
478 711 528 731 res
547 710 622 731 sane
640 698 731 739 mira,
751 698 902 739 quoniam
924 697 992 738 ipse
1012 696 1106 727 initio
1125 707 1189 727 non
1209 695 1272 727 nisi
1288 696 1354 726 tres

45 757 180 788 virtutes
203 755 334 796 accepit.
363 753 506 785 Eandem
526 753 718 784 sententiam
738 752 822 783 infra
841 751 957 792 repetit
982 749 1027 792 (p.
1043 748 1136 792 370):
1161 748 1214 780 καὶ
1240 749 1354 790 διηγή-

46 818 132 842 σεων
153 807 214 850 μὲν
237 807 349 848 ἀρεταὶ
369 805 467 839 αὗταί
488 818 523 838 τε
541 804 596 837 καὶ
619 809 789 837 τοσαῦται·
814 803 879 836 εἰσὶ
904 802 939 835 δὲ
964 805 998 835 οἳ
1019 803 1102 843 πρὸς
1126 802 1260 839 ταύταις
1283 807 1354 839 ταῖς

45 862 133 905 τρισὶ
157 862 240 904 (ipse
260 863 365 893 autem
386 862 513 902 praeter
532 870 585 891 eas
608 859 706 890 etiam
726 858 764 889 de
787 857 995 899 sequentibus
1020 856 1115 898 dixit)
1139 854 1193 887 καὶ
1217 857 1355 896 μεγαλο-

45 915 206 956 πρέπειαν
223 915 276 947 καὶ
296 913 435 955 αὔξησιν
453 912 508 945 καὶ
527 913 653 954 ἡδονὴν
672 911 725 943 καὶ
740 912 944 953 προσήνειαν
958 910 1031 951 ἤτοι
1046 899 1224 941 ἐπιείκειαν
1238 908 1354 949 ἀρετὰς

47 971 176 1010 ἔφασαν
195 969 374 1010 διηγήσεως
394 993 399 998 .
419 966 494 1008 περὶ
513 966 574 1007 μὲν
593 963 656 998 οὖν
674 965 796 1006 ἡδονῆς
820 963 874 995 καὶ
897 964 1179 1004 μεγαλοπρεπείας
1202 963 1355 1003 ε”φθημεν

47 1023 195 1060 εἰπόντες
212 1023 279 1053 κτλ.

134 1075 239 1107 Multo
263 1074 382 1106 rectius
406 1072 633 1111 Quintilianus.
666 1072 758 1112 Tres,
782 1082 861 1112 quas
885 1072 1033 1102 numerat
1054 1069 1203 1110 virtutes,
1227 1070 1355 1110 tractat,

45 1131 115 1160 tum
139 1129 265 1160 demum
290 1127 327 1158 de
351 1126 537 1169 magnifico,
560 1125 698 1157 iucundo
722 1125 858 1166 ahisque
884 1123 1059 1155 virtutibus
1083 1123 1283 1154 adversarios
1309 1132 1354 1153 re-

45 1182 176 1214 fellendi
196 1191 290 1213 causa
308 1180 467 1212 admonet.
497 1179 576 1211 Cum
597 1180 703 1210 autem
720 1177 938 1215 Quintilianus
957 1176 1171 1208 Theodectem
1191 1187 1263 1207 eum
1283 1186 1356 1207 auc-

45 1237 147 1267 torem
166 1235 318 1274 nominet,
338 1234 393 1275 qui
411 1231 655 1274 μεγαλοπρεπές
674 1234 706 1263 et
725 1231 789 1273 ἡδύ
809 1230 976 1270 addiderit,
995 1229 1035 1261 ad
1049 1229 1262 1261 Theodectem
1282 1228 1356 1260 aliis

45 1287 314 1321 intercedentibus
330 1285 501 1329 (Caecilio)
520 1297 570 1327 ea,
594 1296 674 1327 quae
699 1285 736 1316 de
760 1284 931 1326 magnifico
952 1285 983 1315 et
1007 1283 1145 1315 iucundo
1163 1282 1355 1324 Anonymus

44 1341 208 1384 praecipit,
227 1359 271 1364 -—
289 1342 365 1372 sunt
383 1342 488 1372 autem
509 1340 589 1370 satis
608 1338 704 1370 exilia
725 1357 762 1361 —
784 1339 901 1370 referre
920 1336 1132 1378 possumus.¹)

137 1431 162 1462 1)
182 1428 294 1462 Optime
314 1427 532 1459 Quintilianum,
561 1426 748 1452 Theodectem
772 1425 801 1451 in
819 1425 929 1459 Papyro
950 1424 1066 1458 Oxyrh.,
1094 1425 1271 1458 Anonymum
1292 1423 1355 1457 Sag.

46 1470 120 1496 inter
139 1477 168 1495 se
188 1468 334 1502 comparat
351 1467 494 1501 Mayerus:
514 1466 640 1500 Prolegg.
656 1475 684 1500 p.
699 1465 828 1491 XXXVII
839 1474 898 1498 sqq.
915 1473 975 1498 cap.
990 1464 1062 1491 VIII.
1091 1463 1258 1490 Theodectis
1275 1471 1356 1497 prae-

46 1510 128 1543 cepta
146 1509 234 1535 latere
254 1508 372 1534 constat.
399 1507 472 1533 Illud
492 1506 562 1533 mihi
581 1506 697 1532 dubium
715 1507 764 1538 est,
780 1506 855 1538 quod
870 1505 999 1539 Mayerus
1018 1505 1109 1530 totam
1128 1506 1238 1537 partem
1253 1503 1287 1529 de
1302 1503 1357 1529 vir-

45 1549 154 1576 tutibus
173 1548 354 1580 narrationis,
378 1547 446 1581 quin
470 1547 556 1573 etiam
580 1547 671 1572 totum
694 1546 752 1572 fere
773 1545 876 1571 librum
895 1544 1062 1571 Theodectis
1083 1545 1244 1578 excerptum
1264 1544 1355 1577 putat.

46 1589 108 1623 Ipse
127 1589 202 1615 enim
219 1589 382 1622 Anonymus
401 1595 456 1613 non
476 1586 565 1621 magis
584 1586 771 1612 Theodectem
790 1585 913 1619 inspexit
933 1593 1017 1618 quam
1037 1583 1235 1616 Quintilianus.
1265 1583 1356 1609 Ambo

46 1629 175 1655 nituntur
193 1628 249 1655 alio
269 1630 389 1659 auctore,
409 1635 491 1660 quem
507 1625 658 1653 Caecilium
677 1625 763 1652 fuisse
783 1625 840 1651 veri
860 1625 949 1651 simile
968 1625 1017 1651 est.
1047 1624 1190 1655 Quomodo
1206 1632 1272 1657 ergo
1288 1623 1355 1650 Cae-

46 1669 145 1696 cilius?
168 1668 268 1694 Utrum
288 1667 455 1699 Quintiliani
474 1666 611 1693 rationem
631 1665 768 1699 exhibuit,
787 1674 821 1692 an
840 1665 980 1698 Anonymi
999 1664 1143 1690 turbatum
1163 1663 1306 1690 ordinem?
1327 1662 1355 1689 Si

45 1709 119 1735 enim
138 1708 278 1742 Anonymi
297 1708 386 1734 instar
407 1708 480 1740 erat,
506 1706 560 1732 sibi
580 1707 639 1740 ipse
662 1706 844 1737 contradixit,
872 1714 934 1738 cum
960 1706 1016 1731 tres
1042 1705 1202 1731 numeraret
1229 1703 1355 1735 virtutes,

45 1750 170 1782 quinque
193 1749 292 1782 postea
314 1747 496 1781 praeciperet.
526 1746 648 1773 Caecilio
673 1746 810 1772 eiusmodi
834 1745 939 1771 crimen
963 1745 1086 1771 tribuere
1111 1744 1188 1777 nolo,
1212 1751 1302 1777 neque
1326 1742 1355 1769 in

46 1788 160 1816 Caecilii
182 1788 327 1822 ingenium
352 1786 542 1821 simplicitatis
567 1786 724 1813 studiosum
748 1786 869 1819 quadrat
893 1785 1034 1811 sententia
1061 1792 1123 1810 eum
1152 1785 1263 1818 praeter
1290 1783 1355 1809 illas

47 1828 207 1864 ἰσχνότητος
226 1828 341 1854 virtutes
362 1826 600 1861 magnificentiam
620 1827 648 1852 et
667 1826 839 1860 voluptatem
854 1825 883 1851 in
899 1825 1089 1856 narrationem
1103 1824 1248 1858 recepisse.
1270 1823 1355 1855 Quin-

46 1868 163 1895 tilianus
182 1869 284 1901 autem,
304 1867 427 1894 eiusdem
448 1867 534 1893 fontis
553 1866 642 1898 testis,
662 1867 768 1893 ratione
787 1874 819 1892 ac
837 1866 884 1892 via
898 1865 1015 1891 virtutes
1031 1865 1152 1899 exponit.
1182 1863 1271 1890 Multo
1286 1863 1355 1890 faci-

46 1908 100 1935 lius
119 1889 285 1935 crediderini
304 1908 361 1934 iam
381 1907 534 1934 Caecilium
554 1907 690 1933 refutasse
710 1915 771 1938 eos
795 1906 842 1939 qui
866 1905 960 1940 plures
980 1914 1063 1938 quam
1082 1906 1139 1931 tres
1158 1904 1284 1931 facerent
1303 1904 1355 1929 vir-

46 1949 130 1982 tutes,
142 1956 222 1974 usum
232 1947 371 1974 Theodori
385 1947 541 1974 rationibus
551 1947 596 1981 (cf.
608 1949 743 1980 Anonym.
757 1949 816 1978 103,
831 1946 842 1971 1
857 1955 883 1980 p.
896 1948 947 1971 370
959 1945 1071 1979 Sp.-H.).
1099 1944 1191 1971 Etiam
1203 1943 1355 1970 Theodecti

46 1988 127 2014 illum
145 1987 288 2014 obstitisse
307 1988 423 2021 eiusque
441 1987 622 2021 magnificum
642 1988 670 2013 et
692 1986 844 2013 iucundum
868 1987 898 2012 in
920 1985 1090 2012 refutatione
1115 1992 1355 2015 commemorasse,

47 2028 122 2061 quod
146 2027 212 2054 inde
237 2027 266 2054 in
292 2028 391 2054 seriem
416 2027 551 2054 virtutum
577 2028 609 2053 ut
635 2027 767 2053 continua
793 2027 882 2057 fieret,
910 2026 945 2052 ab
970 2026 1116 2059 Anonymo
1141 2026 1285 2058 receptum
1310 2024 1355 2049 sit.

46 2067 145 2094 Noluit
164 2067 237 2093 enim
255 2068 354 2101 postea
373 2068 407 2094 de
426 2068 474 2100 iis,
498 2075 570 2101 quae
590 2067 639 2093 alii
659 2068 831 2095 statuerunt,
855 2066 1007 2092 virtutibus
1026 2065 1138 2099 proprie
1158 2065 1262 2091 dicere:
1292 2064 1356 2097 περὶ

47 2108 97 2142 μὲν
116 2106 167 2134 οὖν
191 2108 294 2141 ἡδονῆς
316 2108 364 2134 καὶ
384 2106 620 2142 μεγαλοπρεπείας
639 2107 767 2140 ἔφθημεν
786 2105 923 2138 εἰπόντες,
947 2105 1065 2139 αὔξησιν
1088 2106 1119 2132 δὲ
1138 2105 1185 2131 καὶ
1205 2103 1356 2131 ἐπιείκειαν

44 2147 72 2174 τί
87 2147 151 2180 ἐστι,
166 2148 304 2181 πολλαχοῦ
319 2146 489 2181 ἀκηκόαμεν.
519 2147 592 2179 Quin
607 2147 668 2181 ipse
683 2147 737 2172 sibi
752 2146 935 2178 contradicat,
947 2154 1000 2172 non
1018 2145 1135 2171 dubium
1151 2146 1200 2171 est.
1230 2145 1356 2178 Apparet

46 2189 140 2214 autem
163 2187 350 2221 periculosum
374 2196 434 2214 esse
458 2187 567 2214 duobus
592 2187 767 2219 auctoribus,
796 2187 844 2219 qui
869 2186 923 2220 ipsi
947 2187 1004 2212 tres
1029 2194 1057 2211 se
1083 2185 1210 2219 accipere
1238 2185 1356 2210 virtutes

45 2228 211 2262 profitentur
225 2229 254 2254 et
268 2227 454 2254 Theodectem
468 2227 596 2260 reiciunt,
616 2227 785 2253 Theodectis
801 2228 889 2252 artem
906 2226 1012 2252 fontem
1027 2226 1159 2251 tribuere.
1188 2225 1275 2250 Immo
1290 2232 1355 2250 vero

45 2267 89 2294 illi
107 2267 249 2300 Isocratei,
269 2275 338 2300 quos
358 2267 483 2302 singulos
501 2276 557 2294 non
576 2267 704 2294 nominat
723 2266 923 2299 Quintilianus,
943 2266 1016 2292 hanc
1035 2266 1145 2299 partem
1165 2265 1233 2291 artis
1253 2264 1355 2290 consti—

45 2309 171 2340 tuerunt3
196 2316 291 2334 eorum
315 2307 471 2334 doctrinam
492 2307 578 2334 etiam
597 2307 759 2341 Anonymus
783 2309 812 2333 et
831 2306 948 2338 Quintil.
968 2305 1069 2332 mediis
1088 2304 1213 2331 fontibus
1236 2304 1355 2331 interce—
