1566 2592
337 134 378 162 De
398 134 533 161 virtutum
554 134 666 160 dicendi
686 134 762 168 apud
780 134 921 160 Romanos
940 134 1057 169 ratione.
1309 133 1353 165 63

46 217 210 258 sitionem,
237 216 371 248 Fabium
400 226 527 257 quoque
557 215 717 256 consequi.
746 215 879 256 „Totam
907 226 1002 256 quam
1027 215 1162 256 praebet
1185 216 1350 247 materiam

46 273 200 312 quattuor
224 269 288 302 illis
308 269 410 300 ‘ideis’
431 268 464 311 (i.
479 280 504 300 e.
524 267 714 310 virtutibus)
744 268 907 300 subiecit.“
940 267 1003 299 Sed
1031 269 1144 300 melius
1172 279 1239 300 rem
1267 268 1353 300 hunc

47 313 156 367 gerere
175 323 347 355 arbitratur
366 333 459 363 quam
481 321 583 362 illum,
602 322 657 363 qui
678 322 764 353 ideas
783 322 914 353 nomine
937 322 1080 363 proferat
1099 324 1131 353 et
1151 333 1259 353 revera
1278 333 1352 364 neg-

46 377 134 420 legat
153 376 196 418 (p.
211 375 311 418 XIX).

136 428 351 467 Quintilianus
375 428 551 461 elocutioni
576 429 807 470 praefationem
832 428 1018 469 praemittit.
1053 428 1124 460 Hoc
1149 428 1230 459 nihil
1256 429 1353 460 alieni

47 482 144 514 habet
162 482 195 514 in
213 482 344 524 propria
363 484 453 523 parte
472 483 572 514 totius
592 482 679 515 artis.
709 481 771 513 Sed
790 482 887 513 etiam
907 482 1048 521 ornatui,
1068 482 1182 513 tertiae
1201 482 1350 513 elocutio-

45 536 96 568 nis
115 536 241 576 virtuti,
259 547 353 567 suum
372 537 572 577 prooemium
592 536 688 567 dedit.
717 535 781 567 Cur
799 536 831 567 id
850 536 975 576 fecerit,
999 536 1067 577 ipse
1088 535 1236 577 explicat.
1265 535 1354 567 Haec

46 589 131 621 enim
150 589 253 620 virtus
277 600 353 630 prae
377 589 489 621 ceteris
515 589 655 621 oratoria
678 591 727 621 est
755 591 787 620 et
813 590 950 621 oratoris
978 589 1105 620 laudem
1134 589 1241 620 efficit.
1271 588 1354 627 Quid

48 642 133 684 quod
152 642 282 683 accidit,
306 644 342 673 ut
366 642 399 674 in
424 642 614 675 elocutionis
642 642 808 684 prooemio
837 643 940 674 multa
963 643 1026 674 iam
1056 644 1357 682 commemorentur,

47 706 127 737 quae
152 695 185 727 in
208 696 310 736 partis
334 696 402 727 eius
426 696 633 738 gravissimae
661 696 792 737 proprio
821 696 984 737 prooemio
1014 696 1130 727 iterum
1157 696 1357 727 afferuntur?

46 748 163 780 Nonne
182 751 296 780 natura
314 748 376 780 hoc
394 749 463 781 fieri
483 748 677 791 dicemus?¹)
697 749 801 781 Aliter
818 749 977 790 Mayerus,
997 748 1052 790 qui
1072 750 1164 790 putat
1183 749 1353 790 praefatio-

47 813 120 833 nem
141 802 268 834 ornatui
286 802 447 844 propriam
469 803 578 834 statim
594 813 666 834 cum
686 803 885 844 praefatione
899 803 1001 834 totius
1018 802 1209 834 elocutionis
1224 803 1355 834 coniun-

49 855 184 897 gendam
212 866 293 897 esse3
319 856 488 888 manifesto
516 855 750 894 Quintilianum
771 858 867 897 eaput
893 857 1032 897 primum
1059 858 1091 887 et
1117 856 1253 887 alterum
1273 855 1355 887 falso

49 908 120 940 loco
149 908 303 950 posuisse,
333 909 571 950 transponenda
590 920 626 941 ea
650 920 718 941 esse
742 911 817 950 post
844 909 960 950 capitis
979 908 1028 940 III
1055 909 1293 951 paragraphum
1312 909 1357 940 43

50 962 94 1003 (p.
109 960 242 1003 XXIII).
270 962 315 993 At
341 962 404 993 iam
430 974 448 994 a
476 962 582 994 verbis
611 962 778 1003 „Ceterum
807 963 970 994 dicturus“
989 965 1021 994 et
1040 973 1108 1003 sqq.
1138 962 1355 1000 Quintilianus

50 1016 87 1046 ut
105 1014 175 1056 ipse
193 1015 332 1046 affirmat
351 1015 390 1046 ad
410 1015 489 1047 vitia
515 1018 646 1047 ornatus
671 1016 919 1058 transgreditur,
946 1015 1083 1047 mediam
1111 1016 1355 1057 dispositionem

50 1066 199 1108 Mayerus
214 1067 359 1109 dissecat,
372 1070 537 1110 totamque
552 1071 673 1110 partem
690 1068 767 1100 VIII
779 1069 946 1109 3,15—39
962 1070 1091 1101 ornatui
1105 1069 1244 1100 detrahit
1259 1068 1356 1106 Quin-

49 1119 162 1152 tiliano
182 1122 291 1161 aperte
310 1121 485 1162 resistente,
505 1122 559 1163 qui
575 1121 620 1153 ita
640 1122 761 1153 divisit:
780 1122 883 1163 „Quid
902 1124 1058 1163 separata,
1073 1122 1150 1163 quid
1170 1123 1278 1154 iuncta
1293 1122 1357 1153 exi-

50 1175 140 1215 gant,
158 1173 420 1206 consideremus‘fi
452 1175 501 1206 De
521 1175 676 1217 separatis
696 1175 764 1218 agit
785 1175 924 1216 15—39,
944 1176 981 1207 de
1000 1176 1119 1208 iunctis
1138 1176 1256 1217 40sqq.
1287 1175 1359 1213 Qua

49 1227 84 1258 in
107 1237 140 1258 re
163 1227 283 1258 nemini
307 1230 387 1269 puto
410 1227 576 1269 Mayerum
601 1240 670 1260 esse
693 1228 960 1271 persuasurum&
993 1229 1077 1260 Nam
1101 1230 1188 1261 illius
1213 1229 1357 1261 adhibita

25 1319 27 1321 ι
49 1279 174 1311 ratione
192 1291 257 1312 non
275 1281 512 1323 redintegratur
530 1282 607 1314 ordo
627 1282 785 1323 turbatus,
805 1282 859 1313 sed
879 1283 1003 1325 integer
1022 1283 1179 1314 turbatur.
1208 1282 1355 1314 Alterum

50 1334 108 1371 est,
119 1333 206 1373 quod
220 1333 323 1375 ipsam
338 1334 496 1366 rationem
506 1335 663 1366 virtutum
677 1338 740 1377 aut,
750 1338 787 1367 ut
797 1336 900 1367 dicere
911 1336 1002 1376 solet,
1015 1336 1192 1377 ‘idearum’‚
1202 1338 1234 1368 et
1248 1347 1357 1367 nume-

49 1396 121 1416 rum
141 1385 288 1427 Mayerus
307 1389 419 1418 mutat.
448 1387 603 1434 IIndecim
623 1388 708 1419 enim
728 1389 814 1420 ideas
833 1388 983 1420 habuisse
1003 1389 1154 1430 opinatur
1173 1389 1356 1430 Theophra-

51 1440 152 1483 stpm3
166 1439 291 1470 easdem
305 1440 390 1481 apud
405 1433 638 1478 Quintilianum
652 1443 758 1473 extare
773 1442 894 1473 debere.
924 1441 1009 1473 Satis
1021 1442 1085 1473 iam
1097 1442 1177 1474 haec
1189 1442 1358 1474 conamina

53 1493 238 1523 evertuntur
256 1492 321 1524 illis
339 1493 430 1534 locis,
449 1504 530 1534 quos
546 1505 642 1535 supra
660 1494 838 1535 attulimus,
853 1495 908 1526 ubi
922 1495 1069 1527 dilucidis
1084 1498 1116 1527 et
1129 1496 1234 1536 planis
1251 1495 1360 1527 verbis

51 1547 195 1585 quattuor
209 1545 344 1577 virtutes
358 1549 575 1579 numerantur.
603 1546 649 1579 Ut
667 1550 741 1579 utar
759 1549 915 1590 exemplo,
934 1549 1114 1590 συντομίας
1132 1548 1236 1580 ideam
1251 1548 1358 1590 Maye-

52 1608 107 1629 rus
131 1601 297 1639 recuperat
316 1610 354 1630 ex
373 1598 452 1631 VIII
466 1600 557 1638 2,19.
586 1600 803 1638 Quintilianus
827 1603 933 1633 autem
959 1602 996 1633 de
1019 1602 1247 1643 perspicuitate
1272 1601 1360 1643 dicit,

53 1661 134 1692 quae
148 1652 275 1683 tollitur
289 1652 414 1694 duplice
428 1653 538 1684 modo:
556 1653 636 1694 „Est
650 1655 745 1686 etiam
762 1655 795 1686 in
811 1655 1003 1696 quibusdam
1018 1655 1113 1687 turba
1131 1655 1275 1686 inanium
1291 1666 1357 1686 ver-

52 1703 176 1744 borum,
191 1705 246 1745 qui
262 1730 268 1736 .
284 1730 290 1736 .
306 1731 312 1736 .
328 1731 334 1737 .
350 1707 546 1738 circumeunt
561 1708 668 1738 omnia
687 1708 818 1749 copiosa
836 1708 1031 1750 loquacitate
1046 1733 1052 1739 .
1068 1734 1074 1739 .
1090 1733 1096 1740 .
1112 1708 1167 1740 alii
1182 1709 1358 1740 brevitatem

52 1757 201 1789 amnulati
219 1759 396 1791 necessaria
415 1770 542 1801 quoque
562 1761 700 1792 orationi
721 1761 915 1793 subtrahunt
934 1762 1049 1793 verba“
1069 1787 1075 1792 .
1091 1787 1097 1792 .
1113 1787 1119 1793 .
1139 1761 1260 1793 Eadem
1279 1761 1360 1793 haec

52 1812 101 1842 est
126 1811 278 1853 doctrina,
305 1823 400 1853 quam
426 1811 617 1845 Aristoteles
641 1814 784 1846 exhibet:
809 1815 1020 1856 perspicuitas
1046 1815 1186 1846 medium
1212 1815 1360 1856 sequitur

53 1862 137 1895 inter
163 1865 407 1906 amplitudinem
436 1868 468 1898 et
494 1866 693 1899 brevitatem.
727 1867 827 1900 Stoici
856 1868 984 1910 quidem
1013 1868 1175 1910 propriam
1204 1868 1357 1900 virtutem

53 1926 122 1948 eam
150 1917 302 1960 fecerunt,
330 1918 547 1957 Quintilianus
576 1923 682 1952 autem
711 1921 767 1953 illa
794 1932 859 1953 non
886 1922 998 1953 utitur.
1027 1921 1189 1953 Audacior
1209 1922 1361 1963 Mayerus

55 1969 150 2001 etiam
169 1970 202 2001 in
221 1971 409 2014 δεινότητος
432 1975 464 2004 et
481 1972 578 2014 ἡδέος
596 1974 771 2006 virtutibus
790 1974 890 2006 Fabio
914 1974 1106 2016 tribuendis,
1130 1986 1265 2016 quarum
1285 1986 1358 2006 cum

54 2021 123 2063 ipse
142 2023 331 2056 confiteatur
347 2026 437 2057 nulla
455 2027 517 2058 nisi
530 2027 668 2058 ‘misera’
680 2030 804 2059 exstare
819 2028 957 2070 vestigia
970 2027 1014 2070 (p.
1029 2027 1106 2059 XXI
1126 2028 1165 2060 cf.
1179 2040 1210 2070 p.
1224 2027 1362 2069 XXIII),

55 2074 131 2106 nolo
150 2074 279 2118 longius
293 2078 420 2109 morari.
448 2077 566 2111 Nescio
582 2082 698 2119 autem,
713 2081 872 2122 quomodo
893 2082 1033 2113 auctoris
1048 2081 1127 2123 ipsis
1142 2082 1249 2113 verbis
1264 2092 1358 2122 saepe

146 2177 170 2208 1)
189 2175 265 2202 Idem
293 2177 397 2203 accidit
423 2177 549 2206 Ciceroni
576 2180 620 2206 Or.
637 2183 743 2207 51-54
763 2183 791 2207 et
815 2184 846 2208 61
855 2191 915 2215 sqq.
945 2182 1137 2214 Quintilianus
1162 2182 1310 2208 confitetur
1330 2190 1361 2207 se

55 2216 190 2248 repetere,
210 2224 281 2249 quae
299 2216 356 2242 iam
376 2219 460 2244 antea
480 2219 557 2245 dicta
575 2219 632 2246 sint
651 2220 714 2247 VIII
729 2224 753 2253 3,
765 2224 788 2247 6.

55 2294 66 2327 (
109 2255 327 2328 XX23)Remanet
346 2256 432 2291 igitur
454 2259 541 2292 capiti
559 2260 643 2286 tertio
663 2269 743 2287 suum
762 2269 862 2287 nomen
880 2262 924 2288 De
943 2265 1052 2294 ornatu,
1072 2262 1147 2294 quod
1166 2261 1202 2288 M.
1218 2261 1360 2295 vituperat

66 2303 93 2328 p.
185 2316 190 2320 .
