1566 2592
503 135 544 162 De
563 135 654 162 tribus
673 134 785 161 dicendi
803 133 961 169 generibus.
1342 131 1385 163 89

167 219 230 251 Ars
254 217 424 260 eloquendi
444 217 506 258 vel,
530 219 567 248 ut
587 215 704 247 Graece
729 215 845 253 dicam,
871 214 985 253 λέξεως
1004 213 1112 256 τέχνη,
1131 214 1164 245 id
1188 213 1270 259 agit,
1292 215 1329 244 ut
1348 213 1386 254 ei,

78 273 134 315 qui
153 272 324 304 artificiose
343 271 447 303 dicere
465 270 596 310 nesciat,
615 269 786 301 artificiose
801 268 925 299 dicendi
941 268 1046 299 tradat
1059 268 1224 299 rationem.
1254 266 1386 304 Quaerit

78 325 263 367 Discipulus
278 336 318 356 ex
331 323 423 355 Arte:
444 322 540 360 ‘Quid
554 322 678 362 faciam,
692 324 728 353 ut
744 321 867 353 erudite
884 324 915 352 et
929 320 1029 362 polite
1043 321 1178 361 loquar.'
1202 320 1386 361 Respondet

77 379 153 411 Ars:
173 378 298 410 ‘Latine
317 377 403 408 dicas
423 378 454 408 et
474 378 582 417 aperte
602 378 634 407 et
652 377 725 416 apte
745 377 776 406 et
796 376 919 406 ornate:
942 374 1043 405 oratio
1064 375 1120 405 tua
1138 384 1203 405 non
1223 373 1284 404 erit
1303 373 1385 404 vitu-

77 431 238 474 peranda?
275 429 474 472 Discipulus:
504 428 683 467 ‘Quomodo
712 439 778 469 eas,
807 439 885 469 quas
914 427 1007 468 dicis,
1036 428 1172 458 virtutes
1201 426 1384 467 assequar?'

77 485 153 517 Ars:
173 484 298 516 ‘Latine
312 483 465 524 loqueris,
484 483 511 515 si
525 482 576 514 his
595 482 694 514 uteris
711 481 897 523 praeceptis,
917 482 1034 522 aperte,
1055 480 1082 511 si
1097 480 1183 520 illis',
1203 482 1299 520 atque
1315 490 1385 520 per-

77 538 126 582 git
145 537 253 570 eadem
272 537 397 569 ratione
417 547 527 568 omnes
546 535 575 568 ei
590 535 747 577 explicare
763 535 897 566 virtutes
913 536 968 565 aut
983 535 1136 574 quattuor
1150 535 1214 573 aut,
1233 533 1260 564 si
1275 533 1385 574 plures

77 593 170 623 antea
187 591 373 632 postulavit,
392 589 488 621 etiam
508 589 624 630 plures.
652 588 744 620 Nihil
764 590 821 629 est,
841 587 927 629 quod
946 586 1122 628 discipulus
1142 586 1272 627 insuper
1288 586 1385 617 inter-

76 646 178 687 roget,
195 644 294 675 habet
309 643 393 675 enim
408 642 524 683 omnia,
544 653 624 684 quae
639 642 719 674 bene
735 642 903 674 observata
918 641 1072 672 orationis
1086 639 1213 671 laudem
1231 639 1384 671 efficiunt.

164 697 253 729 Haec
272 696 410 739 simplex
429 698 477 727 est
494 696 592 737 ratio,
616 706 678 737 qua
701 695 797 726 tertia
820 694 897 726 artis
919 693 1095 726 rhetoricae
1115 704 1189 734 pars
1210 692 1250 724 ab
1275 692 1382 724 inven-

74 750 202 783 toribus
224 751 382 782 instructa
404 751 460 781 est.
494 748 557 781 Sed
580 749 636 780 ubi
659 759 743 780 nova
766 749 924 789 tempora,
948 749 984 778 ut
1008 747 1070 778 iam
1096 746 1130 778 in
1153 746 1260 788 priore
1279 746 1384 787 capite

75 803 224 844 diximus,
239 814 323 835 nova
337 804 515 845 genuerunt
530 802 645 842 studia,
664 801 850 843 Discipulus
865 801 1022 842 quaesivit
1038 811 1076 831 ex
1090 799 1182 831 Arte:
1204 798 1384 836 ‘Quomodo

75 858 157 889 alter
174 857 287 899 Lysias
310 857 399 895 fiam,
419 856 500 887 alter
518 855 731 897 Thucydides,
750 855 831 886 alter
850 853 1118 885 Demosthenes?
1138 852 1247 894 Atque
1266 852 1330 884 Ars
1348 854 1385 884 ut

75 911 121 942 ita
139 910 353 952 interroganti
371 909 590 951 responderet,
615 919 699 940 nova
722 910 894 950 praecepta
913 907 1092 948 composuit
1115 905 1191 947 περὶ
1210 907 1383 947 μιμήσεως.

165 963 255 995 Duae
279 965 385 995 autem
410 965 500 994 erant
523 962 664 994 rationes
687 961 848 993 imitandi:
873 972 949 1002 una,
973 971 1036 1001 qua
1060 959 1317 991 adulescentibus
1340 959 1384 990 di-

75 1017 166 1049 cendi
190 1017 342 1049 studiosis
367 1027 478 1048 omnes
502 1018 643 1048 oratores
667 1017 803 1054 veteres,
828 1015 883 1056 qui
908 1026 926 1045 a
944 1013 1126 1045 rhetoribus
1150 1012 1279 1054 probati
1300 1014 1332 1043 et
1350 1013 1385 1044 in

75 1071 220 1102 ordinem
239 1070 396 1102 bonorum
415 1069 535 1111 recepti
555 1071 659 1109 erant,
681 1069 720 1100 ad
740 1068 953 1100 imitationem
974 1066 1288 1098 commendabantur.
1321 1065 1383 1098 Ne-

75 1135 136 1166 que
156 1123 241 1155 enim
260 1123 382 1155 latebat
406 1134 476 1154 eum
502 1125 674 1164 oratorem,
699 1123 753 1163 qui
774 1121 922 1153 omnibus
941 1121 1082 1152 numeris
1102 1119 1268 1151 absolutus
1291 1121 1383 1161 esset,

73 1178 158 1210 inter
179 1177 331 1208 mortales
354 1187 419 1208 non
438 1175 584 1208 inveniri.
611 1175 725 1217 Itaque
748 1175 782 1207 in
806 1174 942 1217 singulis
967 1174 1161 1214 oratoribus,
1190 1172 1266 1214 quid
1289 1172 1383 1204 laude

74 1233 106 1263 et
124 1230 304 1262 imitatione
324 1230 455 1272 dignum
475 1231 572 1270 esset,
591 1229 743 1270 magistri
763 1228 887 1260 dicendi
907 1227 1064 1259 notabant
1083 1229 1115 1258 et
1134 1226 1310 1267 discipulos
1331 1226 1383 1257 ad-

73 1284 300 1325 hortabantur,
328 1285 365 1314 ut
388 1294 478 1314 suam
502 1282 628 1314 dicendi
651 1282 808 1313 rationem
833 1281 873 1312 ad
891 1279 1027 1312 virtutes
1052 1280 1091 1311 ab
1117 1279 1265 1311 omnibus
1289 1280 1382 1311 bonis
1418 1294 1420 1299 ·

74 1337 255 1369 oratoribus
274 1337 391 1378 petitas
412 1336 611 1378 effingerent,
630 1335 710 1367 vitia
729 1337 836 1366 autem
857 1334 1107 1375 uniuscuiusque
1127 1333 1284 1364 evitarent
1303 1344 1383 1364 neve

73 1390 278 1432 desperarent
302 1401 335 1421 se
358 1389 455 1422 etiam
479 1389 593 1421 melius
618 1389 778 1430 quoddam
803 1387 928 1420 dicendi
947 1398 1048 1429 genus
1069 1388 1294 1418 consecuturos
1314 1397 1382 1418 esse

73 1455 169 1485 quam
189 1445 312 1475 veteres
331 1443 434 1484 ipsos,
457 1453 538 1484 quos
562 1442 772 1474 imitarentur.
805 1441 950 1473 Libertas
970 1441 1071 1482 igitur
1089 1451 1128 1471 ne
1148 1440 1182 1471 in
1201 1439 1382 1471 imitatione

74 1497 204 1538 quidem
229 1497 332 1528 omnis
357 1507 510 1538 oppressa
533 1498 582 1527 est
605 1506 708 1537 neque
731 1495 828 1527 nimis
852 1494 940 1526 duris
964 1494 1101 1526 vinculis
1128 1493 1381 1525 adulescentium

73 1550 202 1593 ingenia
221 1549 358 1582 coercita
378 1551 460 1581 sunt.
489 1548 582 1581 Hanc
596 1551 701 1580 autem
719 1548 865 1580 imitandi
881 1547 1047 1588 rationem,
1067 1558 1162 1588 quani
1178 1547 1255 1588 quin
1271 1557 1381 1578 sanam

73 1605 105 1635 et
123 1603 323 1645 probabilem
342 1605 467 1644 putem,
490 1602 594 1634 facere
613 1613 678 1634 non
697 1613 829 1643 possum
837 1600 875 1644 l),
899 1601 1076 1642 Dionysius
1096 1600 1205 1632 docuit
1224 1600 1257 1630 in
1277 1600 1381 1631 tribus

71 1656 185 1698 primis
213 1657 252 1688 de
277 1656 437 1688 veteribus
464 1655 645 1687 oratoribus
670 1655 811 1695 iudiciis,
840 1654 1058 1692 Quintilianus
1084 1654 1118 1685 in
1143 1653 1227 1684 libro
1257 1653 1380 1685 decimo

71 1708 353 1751 Institutionumfl)
382 1709 506 1747 Quibus
526 1719 565 1740 ex
584 1708 795 1750 scriptoribus
815 1719 874 1739 nos
890 1708 994 1749 capite
1010 1707 1056 1739 VI
1075 1707 1303 1748 disputationis
1324 1717 1380 1738 no-

73 1765 157 1795 strae
176 1763 465 1795 demonstravimus
484 1762 621 1803 primam
640 1762 724 1793 hanc
744 1761 891 1793 imitandi
914 1761 1070 1792 rationem
1091 1760 1130 1792 ad
1151 1762 1314 1791 oratorum
1334 1760 1380 1791 iu-

72 1816 156 1848 dicia
173 1816 308 1848 virtutes
333 1815 463 1856 λέξεως,
483 1826 564 1857 quae
585 1815 619 1846 in
637 1815 729 1847 libris
749 1815 786 1846 ad
808 1814 1037 1846 instituendam
1057 1814 1271 1846 elocutionem
1291 1824 1380 1854 para-

71 1870 114 1901 tis
133 1869 197 1902 iam
216 1869 339 1911 pridem
363 1869 554 1901 constitutae
575 1870 674 1910 erant,
693 1868 886 1909 adhibuisse,
907 1878 1059 1910 generum
1078 1878 1153 1899 vero
1174 1867 1379 1898 distinctione

71 1922 228 1955 eiusmodi
247 1922 366 1964 scripta
385 1923 531 1954 caruisse.

160 1975 271 2008 Altera
290 1977 396 2007 autem
415 1975 605 2007 imitationis
624 1975 707 2007 ratio
727 1986 826 2007 unum
846 1974 939 2007 docet
958 1977 1096 2006 veterem
1112 1976 1275 2006 auctorem
1290 1973 1378 2005 omni

71 2039 110 2060 ex
128 2030 218 2070 parte
237 2028 477 2070 exprimendum
497 2040 572 2061 esse.
603 2028 781 2060 Credebant
800 2029 883 2060 enim
899 2039 987 2060 acres
1001 2027 1204 2069 antiquitatis
1220 2029 1378 2058 amatores

71 2084 209 2114 veterem
233 2081 323 2113 illum
348 2084 413 2114 tam
437 2082 614 2123 perfectum
639 2093 720 2123 esse,
743 2084 780 2114 ut
798 2082 874 2114 novi
896 2081 1041 2123 quamvis
1067 2081 1281 2121 elaborarent,
1305 2091 1378 2111 eum

161 2184 186 2216 1)
206 2182 296 2208 Aliter
314 2182 422 2208 iudicat
440 2182 544 2209 Paulus
564 2182 644 2215 Otto,
670 2182 718 2216 qui
738 2183 767 2208 in
786 2182 876 2216 primo
896 2182 1103 2208 dissertationis
1123 2181 1316 2216 (Quaestiones
1336 2189 1377 2207 se—

70 2222 161 2249 lectae
181 2222 217 2248 ad
236 2221 364 2249 libellum
382 2222 453 2255 Περὶ
471 2221 571 2255 ὕψους,
590 2222 662 2249 Diss.
683 2222 746 2249 Kiel
766 2224 845 2256 1904)
866 2223 958 2256 capite
978 2221 1086 2248 utiliter
1105 2221 1139 2247 de
1158 2221 1249 2247 libelli
1268 2221 1311 2246 sui
1333 2229 1377 2246 ra-

69 2262 147 2289 tione
165 2262 301 2296 μιμήσεως
320 2261 482 2296 disputavit..
510 2262 552 2288 De
570 2262 700 2289 Auctoris
719 2263 763 2288 ad.
783 2262 846 2289 Her.
867 2262 1006 2288 sententia
1025 2261 1089 2288 vide
1107 2261 1143 2287 IV
1163 2269 1185 2287 c.
1202 2264 1225 2288 5.

160 2303 185 2335 2)
204 2301 247 2328 Ita
267 2301 352 2328 etiam
371 2301 516 2328 Horatius:
535 2302 588 2328 Ars
607 2302 683 2328 Poet.
705 2305 754 2328 131
762 2311 821 2335 sqq.
