1566 2592
566 616 900 665 PROOEMIUM.

165 707 256 739 Artis
275 708 453 740 rhetoricae
471 706 639 739 historiam
654 707 681 738 si
697 706 768 748 quis
783 717 840 747 per
853 707 979 738 saecula
998 706 1146 748 persequi
1166 707 1282 748 studet,
1300 707 1382 739 nihil

76 760 174 793 habet
192 761 369 802 antiquius,
394 771 489 802 quam
509 762 545 791 ut
563 770 716 802 magnum
740 762 922 801 temporum
946 760 1164 800 intervallum,
1188 760 1275 801 quod
1298 761 1382 793 inter

75 813 284 846 Aristotelem
304 816 337 845 et
357 813 529 845 Rhetorica
548 813 587 844 ad
606 813 803 844 Herennium
823 812 897 844 data
920 813 1138 844 intermissum
1161 815 1286 856 null-um
1297 825 1381 858 -suae

76 868 238 899 doetrinae
257 869 372 899 testem
397 867 558 908 praebuit,
582 868 666 898 recte
691 866 865 908 intellegat.
894 866 940 898 Ut
963 866 1047 898 enim
1073 853 1216 898 veraars
1241 860 1381 899 oratoria

52 919 226 953 “unacum
242 920 353 962 populi
369 920 407 952 de
422 931 546 952 summa
561 931 666 951 rerum
681 919 814 951 arbitrio
834 919 1018 961 exspiravit,
1033 919 1078 951 ita
1092 918 1199 961 τέχνη,
1216 922 1253 951 ut
1267 931 1381 962 graece

17 2338 42 2347 A

75 974 188 1015 dicam,
207 974 338 1015 eiusque
357 975 527 1015 praecepta
546 973 579 1004 in
599 973 665 1004 dies
684 973 786 1014 magis
805 973 1027 1004 tractabantur
1046 983 1147 1014 eoque
1166 974 1269 1005 acrius
1289 976 1321 1005 et
1335 974 1380 1005 di-

73 1027 236 1069 ligentius,
256 1037 319 1067 quo
338 1026 444 1058 minus
464 1026 641 1057 industriae
660 1025 692 1056 in
713 1025 779 1057 acie
798 1025 918 1057 forensi
939 1026 1194 1057 consumebatur.

161 1080 268 1121 Atque
295 1080 357 1111 duo
381 1079 443 1111 viri
466 1079 615 1111 videntur
637 1079 811 1120 plurimum
834 1081 961 1120 praeter
985 1081 1106 1110 ceteros
1131 1079 1257 1112 dicendi
1280 1081 1387 1122 magi-¹

73 1135 156 1165 stros
175 1133 262 1165 illius
282 1133 395 1164 aetatis
415 1133 552 1164 valuisse
571 1133 766 1173 reliquisque
792 1132 943 1163 omnibus
966 1132 1067 1164 libros
1087 1143 1161 1164 suos
1186 1133 1277 1173 quasi
1298 1129 1389 1177 ‘pra-³,

73 1186 153 1218 tum’
172 1186 367 1228 praebuisse,
385 1186 469 1218 unde
488 1186 583 1217 flores
603 1186 636 1217 in
660 1185 803 1217 calathos
824 1196 899 1217 suos
924 1185 1129 1227 decerperent
1153 1187 1185 1217 et
1208 1189 1379 1228 praecepta

72 1240 266 1281 exciperent:
290 1239 522 1286 Hermagp—ram
541 1239 612 1270 dico
631 1243 859 1280 πραγματικοῦ
878 1240 980 1270 τόπου
1001 1238 1204 1281 magistrum,
1226 1241 1377 1272 λεκτικοῦ

70 1304 145 1327 vero
178 1293 443 1341 Theothum.
481 1292 540 1324 Ille
568 1292 838 1334 ῥητορικώτερος,
868 1292 1140 1333 φιλοσοφώτερος
1168 1291 1228 1323 hic.
1266 1292 1377 1324 Partes
1394 1305 1397 1320 ι

70 1348 186 1388 tamen,
206 1357 284 1388 quas
299 1347 332 1378 in
352 1348 419 1378 arte
437 1345 661 1388 praecipienda
680 1347 822 1388 egerunt,
837 1345 978 1377 vicissim
994 1345 1143 1376 videntur
1162 1348 1377 1378 commutatae

70 1410 147 1433 esse.
176 1399 391 1442 Hermagoras
411 1402 498 1431 totus
522 1399 588 1431 fere
607 1400 641 1430 in
664 1398 759 1430 rebus
778 1399 978 1439 versabatur,
1004 1409 1138 1439 quarum
1159 1399 1376 1431 inventionem

69 1455 102 1485 et
121 1453 264 1485 ordinem
278 1463 362 1485 nova
380 1453 505 1484 ratione
520 1453 566 1483 ita
580 1452 691 1484 docere
707 1452 839 1492 studuit,
854 1454 890 1483 ut
909 1451 1176 1493 philosophorum
1196 1452 1375 1484 doctrinam

68 1506 165 1538 nimis
180 1506 220 1537 ad
234 1506 289 1538 illa
308 1507 454 1547 tempora
468 1517 486 1536 a
504 1504 685 1537 rhetoribus
705 1505 884 1547 neglectam
904 1507 1083 1537 consereret
1103 1516 1174 1537 cum
1194 1507 1374 1547 praeceptis

69 1570 143 1591 vere
161 1559 339 1590 rhetoricis.
347 1558 371 1602 1)
401 1558 446 1590 At
465 1558 714 1600 Theophrastus,
735 1558 790 1599 qui
809 1557 1049 1600 philosophiam
1069 1558 1289 1600 profitebatur,
1308 1570 1375 1590 ver-

68 1612 118 1644 bis
138 1613 275 1644 maxime
295 1623 424 1653 operam
443 1611 539 1653 dedit,
559 1622 654 1652 quam
674 1614 798 1653 partem
818 1611 1005 1653 disciplinae
1024 1611 1203 1643 rhetoricae
1222 1613 1375 1654 magister

68 1666 136 1697 eius
151 1665 342 1698 Aristoteles
357 1665 477 1696 invitus
492 1665 558 1696 fere
573 1667 605 1696 et
624 1665 812 1696 necessitate
827 1666 956 1697 coactus
972 1665 1011 1696 ad
1031 1665 1268 1696 institutionem
1283 1676 1373 1697 suam

68 1718 205 1750 admisit.
238 1721 382 1750 Δίκαιον
401 1719 464 1759 γὰρ
488 1718 601 1755 αὐτοῖς
625 1718 844 1759 ἀγωνίζεσθαι
864 1723 933 1755 τοῖς
951 1718 1151 1759 πράγμασιν,
1170 1718 1253 1750 ὥστε
1272 1716 1374 1751 τᾶλλα

67 1770 127 1810 ἔξω
151 1777 210 1804 τοῦ
233 1771 403 1810 ἀποδεῖξαι
426 1771 582 1813 περίεργά
597 1770 687 1803 ἐστιν
707 1770 815 1811 (Arist.
831 1771 923 1802 Rhet.
939 1770 987 1802 III
1004 1772 1020 1802 l
1041 1783 1071 1812 p.
1090 1770 1249 1814 1404a5),
1268 1782 1371 1813 neque

67 1825 237 1857 verborum
253 1826 439 1856 ornamenta
454 1824 634 1857 oratoribus
649 1824 721 1856 usui
737 1835 805 1856 esse
819 1826 922 1866 putat,
941 1825 1004 1856 nisi
1024 1825 1078 1856 διὰ
1097 1825 1158 1865 τὴν
1177 1829 1236 1856 τοῦ
1256 1824 1372 1866 ἀκροα-

66 1883 126 1910 τοῦ
156 1879 351 1920 μοχθηρίαν.
385 1877 455 1915 Qua
480 1889 519 1909 ex
550 1878 706 1910 sententia
732 1878 852 1909 factum
879 1880 940 1919 est,
966 1879 1002 1909 ut
1028 1877 1096 1909 eius
1123 1878 1370 1910 commentarius

66 1931 140 1972 περὶ
159 1931 275 1969 λέξεως
293 1942 396 1973 neque
416 1931 565 1963 universa
587 1931 711 1962 ratione
735 1942 837 1972 neque
861 1933 1104 1972 praeceptorum
1129 1931 1239 1963 ordine
1263 1931 1302 1963 ad
1321 1942 1371 1963 ve-

67 1996 135 2016 ram
155 1986 187 2016 et
205 1985 376 2016 dilucidam
397 1986 464 2016 eius
484 1984 584 2026 partis
603 1985 860 2026 praeceptionem
880 1984 1055 2025 sufficeret,
1079 1984 1224 2025 quamvis
1243 1985 1370 2027 egregie

66 2038 193 2080 singula
216 2038 370 2079 quaedam
398 2038 641 2079 explicarentur.
675 2037 916 2079 Theophrastus
941 2037 1041 2080 igitur
1064 2037 1179 2075 λέξεως
1202 2040 1387 2079 praecepta*

65 2093 210 2123 accurate
230 2091 448 2133 pertractavit,
468 2091 561 2123 initia
574 2103 593 2122 a
606 2091 761 2133 magistro
777 2102 834 2122 suo
851 2091 1007 2123 instructa
1023 2091 1155 2133 peregit,
1171 2101 1282 2122 manca
1297 2102 1368 2132 sup—

156 2194 180 2225 1)
200 2191 394 2218 Fundamenta
413 2193 506 2218 tamen
525 2192 676 2218 manebant
695 2191 846 2221 rhetorica.
874 2191 968 2217 rhetor
991 2191 1080 2217 voluit
1099 2199 1158 2218 esse
1178 2193 1206 2217 et
1230 2191 1369 2225 appellari

64 2232 258 2266 Hermagorae.
287 2231 356 2263 „Die
375 2231 483 2266 einzige
498 2231 642 2263 Rhetorik,
662 2231 766 2258 welche
786 2231 846 2257 sich
866 2240 915 2257 aus
936 2231 998 2257 dem
1014 2231 1110 2257 Boden
1125 2231 1174 2257 der
1187 2231 1367 2265 Philosophie

64 2272 165 2299 heraus
185 2271 371 2303 entwickelte,
390 2279 448 2297 war
467 2271 512 2298 die
527 2271 575 2298 des
590 2271 786 2305 Hermagoras,
806 2271 863 2297 und
878 2270 923 2297 die
938 2270 1032 2298 wollte
1045 2271 1118 2297 doch
1138 2271 1230 2297 nichts
1250 2270 1366 2298 anderes

64 2312 124 2338 sein
143 2311 185 2338 als
205 2311 367 2338 Rhamma-⁶
395 2310 515 2344 (Thielm
535 2311 722 2346 Hermagoras
740 2320 767 2344 p.
786 2312 855 2344 171).

117 2361 235 2382 Stroux:
250 2362 283 2380 De
297 2360 448 2383 Theophrasti
462 2360 584 2380 virtutibus
599 2361 695 2380 dicendi.
1139 2358 1151 2380 1
