1566 2592
162 124 227 156 104
725 126 818 162 Caput
835 127 907 155 VIII.

155 207 245 239 illam
267 209 415 249 quartam
435 208 569 250 habent,
588 208 649 241 etsi
669 219 706 240 eo
726 209 892 252 differunt,
911 211 997 252 quod
1015 212 1153 243 alterum
1172 214 1310 254 partem,
1333 213 1471 247 alterum

155 262 268 293 totam.
292 260 479 293 Virtutibus
499 263 606 294 autem
625 262 672 294 ita
685 262 868 295 distributis
883 263 1038 296 iudicium
1058 265 1096 297 de
1115 276 1269 308 generum
1288 267 1473 309 principatu

155 314 295 346 dilucide
314 315 416 346 latum
437 317 498 356 est,
519 315 697 358 „siquidem
718 317 803 357 quod
824 315 955 360 (genus)
975 329 1086 350 omnes
1105 318 1215 351 laudes
1234 319 1345 359 habet,
1369 321 1402 353 id
1420 324 1475 354 est

154 369 344 409 optumum“
363 368 416 410 (de
436 371 501 411 opt.
521 380 591 412 gen.
607 368 651 412 6).

243 421 325 453 Tum
346 424 464 463 autem,
478 433 551 454 cum
565 425 701 464 μίμησις
715 424 755 455 ad
769 435 904 466 regnum
919 428 1117 468 pervenerat,
1136 429 1386 460 consentaneum
1401 430 1473 461 erat

153 486 172 506 a
190 474 376 507 rhetoribus
396 476 516 517 quaeri,
535 479 643 508 utrum
660 477 819 509 ‘virtutes’
836 478 1028 510 elocutionis
1048 480 1179 512 omnino
1195 480 1235 512 ad
1254 481 1362 513 studia
1376 481 1471 515 disci-

152 529 304 570 pulorum
324 529 470 561 adhiberi
489 532 632 572 possent,
651 541 692 561 an
712 541 839 562 omnem
860 531 1096 564 institutionem
1116 533 1156 564 ab
1175 533 1357 567 imitatione
1376 545 1470 577 gene-

152 593 224 614 rum
245 582 329 614 sumi
349 585 522 624 oporteret.
553 582 613 615 Cui
633 583 813 625 quaestioni
831 583 941 617 Cicero
958 586 1131 627 respondet
1149 586 1198 618 De
1213 586 1265 619 Or.
1280 587 1328 620 III
1343 588 1396 630 36,
1415 601 1470 621 an-

151 638 282 677 tequam
303 636 342 668 ad
366 637 503 668 virtutes
527 639 678 669 transeat.
706 637 868 679 Exposuit
891 641 998 670 autem
1023 640 1225 680 praecedenti
1249 642 1469 684 disputatione

152 700 247 722 omne
265 690 360 721 laude
379 690 513 732 dignum
533 701 610 730 esse,
640 691 725 732 quod
751 691 784 722 in
810 702 868 723 suo
893 703 1009 734 genere
1037 695 1122 725 esset
1148 694 1325 735 perfectum
1347 694 1468 738 (1112ss

150 743 192 775 ad
209 742 276 786 34),
297 743 410 775 deinde
430 745 550 786 pergit:
569 744 639 786 „Ex
655 756 718 786 qua
732 756 803 776 mea
818 745 1037 787 disputatione
1055 747 1192 779 forsitan
1213 750 1360 780 occurrat
1378 749 1470 792 illud,

151 797 178 829 si
190 808 291 838 paene
306 797 556 829 innumerabiles
571 797 638 829 sint
648 798 739 839 quasi
754 799 878 830 formae
892 800 1078 842 figuraeque
1094 801 1230 844 dicendi,
1245 802 1350 844 specie
1365 803 1469 846 dispa-

149 861 214 892 res,
238 861 355 893 genere
378 850 572 892 laudabiles,
597 862 662 883 non
685 863 780 893 posse
799 863 850 893 ea,
874 864 955 894 quae
975 853 1060 886 inter
1078 865 1111 886 se
1136 855 1332 897 discrepant,
1355 857 1468 890 iisdem

149 905 329 946 praeceptis
345 906 442 945 atque
454 915 520 936 una
535 905 739 937 institutione
758 906 920 939 fomarif‘
928 906 952 950 ¹)
981 906 1045 939 Sed
1059 907 1211 940 Isocratis
1226 921 1303 942 usus
1318 910 1468 952 exemplo

147 958 266 998 probat
286 957 325 988 ab
346 958 456 989 eodem
477 958 634 1000 magistro
654 970 748 1000 saepe
769 959 896 992 diversa
914 971 982 992 esse
1007 961 1135 994 exculta
1157 962 1295 1005 ingenia.
1324 963 1400 997 Non
1419 976 1467 998 se-

149 1021 204 1042 cus
220 1011 352 1042 eandem
368 1012 629 1052 praeceptionem
644 1012 683 1043 ad
698 1013 802 1044 varias
823 1014 944 1055 species
963 1014 1088 1047 dicendi
1107 1026 1202 1057 posse
1221 1017 1468 1051 accommodari.

148 1064 314 1106 Videmus,
333 1075 430 1106 quam
445 1064 526 1096 bene
542 1064 654 1097 Cicero
669 1066 701 1097 in
717 1066 810 1098 libris
824 1066 874 1098 De
893 1066 1028 1100 Oratore
1048 1069 1227 1111 simplicem
1246 1071 1465 1113 praecipiendi

147 1118 307 1150 rationem
327 1129 345 1149 a
364 1118 558 1150 multiformi
584 1119 766 1151 imitatione
786 1122 818 1151 et
837 1120 935 1152 variis
959 1121 1133 1162 generibus
1157 1122 1394 1167 (προαιρέσεις)
1414 1125 1467 1157 de-

148 1171 294 1204 fenderit.

664 1326 820 1363 CAPUT
850 1327 946 1363 VIII.

226 1403 298 1451 DE
333 1403 626 1453 VIRTUTUM
659 1405 887 1453 DICENDI
922 1406 1038 1454 CUM
1073 1406 1384 1457 GENERIBUS

625 1476 981 1526 CONFUSIONE.

234 1574 351 1609 Adhuc
370 1576 601 1617 temptavimus
622 1577 779 1608 virtutum
798 1577 999 1618 provinciam
1019 1588 1038 1608 a
1057 1577 1229 1619 generibus
1249 1581 1398 1610 accurate
1412 1590 1463 1612 se-

145 1639 272 1660 cernere
292 1631 324 1660 et
344 1629 528 1670 ostendere,
547 1641 644 1671 quam
664 1632 783 1662 certam
803 1632 925 1662 veteres
949 1633 1096 1662 auctores
1120 1631 1205 1663 inter
1228 1632 1368 1664 diversas
1388 1633 1462 1666 illas

143 1682 284 1714 rationes
314 1682 555 1715 distinctionem
581 1684 725 1716 fecerint.
755 1683 942 1716 Studiorum
966 1683 1201 1717 rhetoricorum
1231 1685 1371 1718 indolem
1397 1686 1460 1720 tibi

144 1736 334 1767 deliberanti
361 1737 447 1768 ultro
477 1738 617 1770 occurrit
644 1737 771 1769 facilem
802 1738 1003 1769 occasionem
1029 1739 1268 1779 permiscendae
1296 1739 1462 1772 doctrinae

142 1789 323 1821 recentibus
351 1790 491 1832 ingeniis
519 1802 588 1822 esse
617 1791 769 1823 oblatam.
798 1791 922 1822 Revera
950 1792 1099 1823 confusas
1127 1803 1196 1824 esse
1220 1793 1356 1825 virtutes
1385 1803 1458 1825 cum

142 1843 314 1885 generibus
334 1855 373 1874 ex
400 1843 525 1876 duobus
554 1843 683 1876 Graecis
711 1845 898 1877 auctoribus
923 1845 1132 1887 perspicitur,
1157 1845 1359 1878 Demetrium
1385 1846 1460 1879 dico

141 1897 216 1937 περὶ
245 1895 417 1939 ἑρμηνείας
442 1899 474 1928 et
500 1897 707 1939 Dionysium,
734 1898 895 1929 rhetorem
921 1898 1221 1930 Halicarnasensem
1250 1899 1284 1931 in
1311 1899 1396 1931 libro
1419 1900 1460 1932 de

142 1950 367 1982 Demosthene.
396 1951 502 1982 Ambo
522 1951 655 1993 plurimi
676 1962 744 1983 esse
763 1954 919 1993 putantur
933 1952 972 1983 ad
987 1947 1200 1994 Theophrasti
1220 1953 1321 1984 nostri
1342 1953 1458 1986 doctri-

140 2014 214 2035 nam
239 2004 479 2036 restituendam.
510 2004 613 2042 Quam
638 2005 823 2046 opinionem
847 2006 971 2037 utinam
995 2005 1109 2037 falsam
1130 2017 1198 2038 esse
1222 2006 1458 2039 demonstrave-

140 2057 215 2088 rim!
236 2057 284 2089 De
303 2057 461 2099 Dionysio
477 2058 570 2099 plura
585 2061 679 2090 erunt
699 2059 841 2100 dicenda,
856 2059 912 2091 sed
927 2059 1108 2091 Demetrius
1128 2071 1178 2091 res
1193 2071 1257 2091 non
1277 2062 1343 2092 tam
1364 2062 1459 2093 caute

140 2113 173 2142 et
192 2112 339 2143 sollerter
358 2112 575 2153 obumbravit,
593 2115 630 2143 ut
648 2124 756 2144 veram
776 2112 991 2154 Theophrasti
1006 2114 1162 2144 rationem
1183 2114 1242 2145 sub
1262 2114 1367 2145 alieno
1387 2116 1456 2157 teg·

140 2165 226 2196 mine
245 2175 309 2196 non
330 2165 510 2208 contingat,
534 2167 571 2197 ut
594 2177 833 2208 cognoscamus.
864 2166 983 2198 Laetor
1003 2178 1053 2198 me
1072 2167 1105 2198 in
1126 2167 1292 2199 Demetrio
1311 2167 1455 2199 virorum

230 2267 256 2300 1)
275 2266 457 2293 Philodemus
480 2275 530 2293 nos
555 2267 651 2293 docuit
675 2267 813 2294 eiusmodi
838 2267 1017 2301 quaestiones
1036 2269 1174 2295 tractatas
1198 2277 1259 2295 esse
1278 2268 1314 2295 ab
1333 2268 1382 2300 iis.
1406 2266 1456 2301 qui

139 2309 225 2333 artem
244 2315 304 2332 esse
323 2306 492 2333 rhetoricam
511 2307 663 2342 negabant.

1557 202 1566 220 ἓ

1548 259 1566 327 i

1551 329 1566 383 ἐξ
