1566 2592
1528 0 1566 66 Ἰ

1558 70 1566 85 ι

1558 94 1566 119 Ἰ

214 134 230 165 7
236 134 256 166 6
795 134 887 170 Caput
899 134 946 162 VI.

211 216 272 247 τὸν
287 214 484 258 Ἑλληνικὸν
502 221 690 258 χαρακτῆρα
710 214 860 261 σῴζουσα
879 217 1049 255 διάλεκτος
1068 217 1314 261 Ιιισαφήνειαήιῑ)
1329 219 1445 261 τρίτην
1462 216 1534 262 ἔχει
1563 212 1566 262 ζ

212 269 362 311 χώρανὴ
387 269 574 312 καλουμένη
600 271 762 312 συντομία
782 295 788 303 .
805 296 811 303 .
826 295 833 303 .
859 270 1013 313 ἐνάργεια
1038 271 1118 313 μετὰ
1138 275 1247 314 ,ταῦτα
1273 271 1422 305 τέτακται
1441 273 1530 315 πρώ-
1559 268 1566 302 i

211 334 251 364 τη
270 321 331 364 μὲν
1556 323 1566 370 'i

557 383 625 410 τῶν
644 376 871 410 ἐπιθέτων
889 377 1069 420 ἀρετῶν.
1098 403 1105 411 .
1120 403 1127 410 .
1142 403 1150 411 .
1169 379 1250 420 μετὰ
1268 379 1392 422 ταύτην
1413 381 1528 414 συνίσ-
1565 373 1566 378 ’

210 441 305 462 ταται
335 430 396 472 τὴν
429 430 550 472 ἀρετὴν
572 431 636 472 (ἡ)
648 430 673 474 ²)
702 437 770 464 τῶν
797 432 893 473 ἠθῶν
921 443 955 464 τε
983 432 1037 464 καὶ
1065 435 1186 464 παθῶν
1213 434 1348 475 μίμησις
1371 458 1378 466 .
1394 459 1401 466 .
1416 458 1424 465 .
1447 434 1533 476 μετὰ

210 488 314 515 ταῦτα
333 484 368 516 αἱ
386 484 423 516 τὸ
442 483 526 526 μέγα
544 484 599 517 καὶ
618 485 817 527 θαυμαστὸν
835 484 1057 526 ἐκφαίνουσαι
1071 490 1128 525 τῆς
1141 490 1344 528 κατασκευῆς
1360 486 1531 529 ἀρεταί...

211 536 346 569 ἕπονται
365 538 500 576 ταύταις
520 539 553 570 αἱ
572 539 634 580 τὴν
653 539 751 580 ἰσχὺν
769 539 823 571 καὶ
842 539 903 571 τὸν
924 540 1026 571 τόνον
1048 538 1102 571 καὶ
1126 539 1184 578 τὰς
1209 539 1450 582 ὁμοιοτρόπους
1472 542 1531 573 δυ-

211 590 326 631 νάμεις
344 595 401 632 τῆς
421 592 574 633 φράσεως
592 591 706 633 ἀρεταὶ
724 591 968 634 περιέχουσαιῧ)
989 618 995 624 .
1011 617 1018 624 .
1034 618 1040 624 .
1060 592 1186 634 ἡδονὴν
1208 592 1244 626 δὲ
1262 594 1318 626 καὶ
1340 595 1448 627 πενθῶ
1472 594 1529 629 καὶ

212 643 329 686 τέρψιν
349 643 403 676 καὶ
423 645 481 683 τὰς
496 644 700 687 ὁμοιογενεῖς
720 645 838 687 ἀρετὰς
852 645 1040 687 εἰσφέρεται
1055 671 1063 678 .
1078 671 1085 678 .
1100 671 1107 678 .
1123 671 1130 678 .
1146 645 1336 688 “Ηρόδοτος.
1369 649 1433 689 Τῆς
1446 648 1531 690 (db)

209 698 363 739 φράσεως
383 699 465 738 [τῶν
484 698 671 740 ὀνομάτων]
691 699 728 731 τὸ
747 698 809 740 μὲν
827 700 908 731 κατὰ
927 700 1033 741 φύσιν
1047 698 1232 741 Ἡρόδοτος
1251 699 1404 742 ἐζήλωκε,
1427 702 1465 734 τὸ
1489 701 1529 735 δὲ

209 751 324 783 δεινὸν
345 752 556 793 Θουκυδίδης
570 777 578 784 .
592 758 709 784 πασῶν
729 751 757 784 δ’
768 751 795 795 ⁴)
815 752 851 784 ἐν
871 753 983 794 λόγοις
1003 753 1129 795 ἀρετῶν
1148 753 1168 794 ἡ
1187 754 1373 796 κυριωτάτη
1391 754 1429 787 τὸ
1447 754 1526 797 πρέ·

207 815 281 837 πον.
318 804 436 837 Omnes
461 805 599 837 virtutes
626 805 659 837 in
686 805 765 837 duas
791 806 975 848 provincias
1002 807 1231 848 discesserunt,
1264 818 1400 849 quarum
1425 809 1532 842 altera.

209 857 384 896 ἐπιθέτους
403 858 521 900 ἀρετάς
540 859 792 900 comprehendit.
821 859 869 891 De
889 860 1021 892 alterius
1036 861 1166 892 nomine
1182 862 1214 892 et
1229 861 1267 893 de
1282 863 1352 894 tota
1368 861 1530 895 divisione

207 911 361 943 certiores
380 912 476 944 fimus
496 923 535 944 ex
553 912 665 944 libello
685 913 723 945 de
743 913 932 955 Thucydide
951 914 1144 956 conscripto.
1173 913 1257 946 Nam
1277 917 1352 948 ante
1370 915 1528 949 iudicium

208 965 246 997 de
265 964 464 1007 Thucydidis
484 965 665 998 elocutione
685 966 851 998 ferendum
874 967 1064 999 divisionem
1089 967 1220 1009 λέξεως,
1245 979 1309 1010 qua
1334 979 1450 1002 usurus
1473 969 1527 1013 sit,

207 1018 385 1060 Dionysius
409 1020 563 1061 proponit
588 1029 613 1051 c.
629 1020 670 1051 21
696 1031 725 1061 p.
742 1020 855 1052 861R:
879 1021 918 1053 τὰ
942 1021 979 1053 δὲ
1002 1020 1077 1063 περὶ
1101 1022 1138 1054 τὸ
1163 1022 1315 1055 λεκτικὸν
1337 1047 1344 1054 .
1360 1047 1389 1055 ..
1416 1021 1529 1069 μέλλω

209 1071 286 1104 νυνὶ
307 1072 416 1114 λέγειν
436 1098 441 1104 .
462 1072 589 1115 ἀνάγκη
609 1071 646 1105 δὲ
666 1073 744 1112 ἴσως
763 1073 818 1106 καὶ
838 1073 912 1115 περὶ
933 1075 1052 1116 ταύτης
1071 1079 1129 1116 τῆς
1154 1074 1243 1114 ἰδέας
1265 1081 1454 1118 προειπεῖν,
1477 1076 1527 1115 εἰς

206 1126 294 1158 πόσα
318 1137 353 1157 τε
375 1125 457 1167 μέρη
482 1127 689 1168 διαιρεῖσθαι
712 1127 862 1169 πέφυκεν
885 1128 904 1169 ἡ
925 1127 1011 1166 λέξις
1030 1128 1084 1160 καὶ
1104 1130 1197 1167 τίνας
1215 1130 1431 1171 περιείληφεν
1449 1129 1528 1172 ἀρε-

205 1179 263 1217 τάς
282 1205 288 1211 .
305 1205 310 1211 .
326 1204 333 1212 .
363 1190 388 1212 c.
409 1179 452 1211 22
472 1178 541 1212 Ὅτι
564 1178 626 1221 μὲν
650 1178 713 1213 οὖν
738 1181 847 1213 ἅπασα
871 1181 956 1220 λέξις
981 1182 1028 1220 εἰς
1052 1182 1114 1214 δύο
1138 1182 1220 1224 μέρη
1246 1181 1456 1227 διαιρεῖταιθ)
1484 1184 1527 1216 τὰ

205 1238 328 1275 πρῶτα,
348 1236 395 1271 εἰς
413 1244 448 1264 τε
467 1234 528 1274 τὴν
548 1232 689 1275 ἐκλογὴν
708 1240 776 1266 τῶν
790 1234 975 1276 ὀνομάτων,
994 1260 1001 1267 .
1016 1260 1023 1267 .
1039 1261 1046 1267 .
1065 1235 1119 1268 καὶ
1136 1237 1182 1274 εἰς
1197 1236 1259 1278 τὴν
1272 1237 1438 1270 σύνθεσιν
1457 1243 1528 1270 τῶν

205 1285 391 1318 ἐλαττόνων
410 1298 444 1318 τε
463 1286 517 1319 καὶ
537 1289 697 1328 μειζόνων
717 1291 858 1330 μορίων,
883 1289 938 1321 καὶ
957 1289 1008 1321 ὅτι
1028 1290 1157 1322 τούτων
1180 1287 1283 1328 αὖθις
1301 1290 1459 1333 ἑκάτερον
1477 1291 1527 1330 εἰς

204 1339 299 1382 ἕτερα
317 1341 418 1382 μόρια
437 1341 625 1381 διαιρεῖται,
646 1341 663 1382 ἡ
678 1342 740 1383 μὲν
754 1341 873 1384 ἐκλογὴ
887 1349 955 1375 τῶν
970 1344 1192 1385 στοιχειωδῶν
1210 1345 1337 1386 μορίων
1351 1369 1358 1376 .
1373 1369 1381 1377 .
1395 1370 1403 1376 .
1422 1344 1470 1383 εἷς
1489 1356 1525 1378 τε

204 1393 266 1434 τὴν
285 1395 407 1435 κυρίαν
427 1394 553 1435 φράσιν
572 1394 627 1426 καὶ
647 1396 694 1433 εἰς
713 1396 774 1437 τὴν
792 1398 967 1438 τροπικήν,
991 1396 1011 1438 ἡ
1032 1395 1067 1429 δὲ
1087 1398 1248 1436 σύνθεσις
1268 1398 1315 1436 εἴς
1333 1409 1368 1430 τε
1386 1398 1426 1430 τὰ
1444 1399 1526 1440 κόμ-

164 1472 166 1475 ,
203 1459 290 1488 ματα
308 1446 363 1479 καὶ
383 1447 423 1479 τὰ
442 1450 531 1479 κῶλα
550 1447 605 1480 καὶ
624 1449 682 1486 τὰς
701 1450 894 1490 περιόδους,
918 1450 972 1482 καὶ
996 1450 1044 1482 ὅτι
1070 1451 1201 1489 τούτοις
1221 1450 1422 1494 ἀμφοτέροις
1440 1460 1524 1494 συμ-

205 1499 324 1541 βέβηκε
344 1500 443 1543 (λέγω
464 1501 504 1542 δὴ
524 1507 593 1539 τοῖς
611 1514 645 1534 τε
667 1502 784 1541 ἁπλοῖς
802 1504 856 1535 καὶ
876 1503 1011 1544 ἀτόμοις
1031 1503 1171 1544 ὀνόμασι
1191 1505 1246 1537 καὶ
1260 1510 1330 1543 τοῖς
1343 1504 1379 1538 ἐκ
1392 1505 1526 1538 τούτων

203 1553 395 1596 συνθέτοις)
415 1555 454 1586 τὰ
473 1556 661 1597 καλούμενα
681 1557 843 1598 σχήματα,
866 1557 921 1589 καὶ
945 1557 995 1590 ὅτι
1019 1563 1087 1590 τῶν
1105 1557 1323 1599 καλουμένων
1341 1558 1468 1601 ἀρετῶν
1486 1559 1525 1592 αἱ

169 1606 171 1609 ’
202 1606 265 1648 μέν
284 1608 370 1639 εἰσιν
389 1607 566 1648 ἀναγκαῖαι
585 1609 640 1641 καὶ
659 1608 697 1642 ἐν
720 1610 844 1642 ἅπασιν
867 1610 1042 1652 ὀφείλουσι
1065 1617 1220 1653 παρεῖναι
1240 1618 1310 1650 τοῖς
1333 1613 1462 1654 λόγοις,
1486 1612 1524 1645 αἱ

203 1658 233 1692 δ’
252 1660 402 1693 ἐπίθετοι
421 1662 474 1693 καὶ
494 1661 575 1694 ὅταν
594 1662 784 1696 ὑποστῶσιν
803 1664 838 1695 αὶ
857 1669 992 1706 πρῶται,
1011 1666 1085 1697 τότε
1106 1666 1166 1707 τὴν
1183 1665 1312 1698 ἑαυτῶν
1326 1666 1425 1707 ἰσχὺν
1438 1668 1521 1708 λαμ-

202 1714 382 1755 βάνουσιν,
407 1714 533 1757 εἴρηται
556 1719 693 1754 πολλοῖς
715 1718 879 1759 πρότερον
900 1743 906 1749 .
926 1718 1009 1750 ὥστε
1032 1718 1134 1751 οὐδὲν
1159 1720 1210 1751 δεῖ
1232 1719 1308 1760 περὶ
1331 1719 1443 1751 αὐτῶν
1463 1717 1522 1760 ἐμὲ

203 1766 282 1799 νυνὶ
303 1767 412 1808 λέγειν
427 1767 500 1800 οὐδ’
519 1767 551 1807 ἐξ
568 1765 616 1801 ὧν
635 1770 862 1812 θεωρημάτων
880 1782 915 1803 τε
934 1771 988 1803 καὶ
1007 1772 1292 1814 παραγγελμάτων
1310 1773 1439 1806 τούτων
1451 1778 1524 1805 τῶν

203 1820 330 1862 ἀρετῶν
346 1820 464 1863 ἑκάστη
480 1823 617 1864 γίνεται,
636 1825 770 1855 πολλῶν
784 1823 933 1867 ὄντων.“)
963 1824 1029 1857 Καὶ
1049 1826 1112 1866 γὰρ
1132 1830 1236 1858 ταῦτα
1254 1830 1311 1868 τῆς
1329 1825 1521 1868 ἀκριβεστά»

201 1886 259 1916 της
279 1874 430 1916 τέτευχεν
450 1874 646 1917 ἐξεργασίας.

293 1950 317 1982 1)
337 1949 406 1976 Hiat
424 1949 571 1976 verborum
591 1952 745 1978 contextus.
776 1952 934 1986 σαφήνειαν
953 1952 1140 1987 supplendam
1160 1961 1220 1980 esse
1239 1953 1322 1980 docet
1341 1954 1475 1988 epitoma.

292 1991 318 2018 2)
338 1989 355 2023 ἡ
375 1989 470 2017 addid.
491 1990 660 2018 Herwerden
679 1992 762 2024 recte¹
782 1993 815 2019 ut
832 1992 903 2019 mihi
923 1992 1041 2020 videtur.

292 2031 319 2063 3)
339 2029 421 2056 Falso
440 2030 584 2057 coniciunt
603 2030 783 2066 παρέχουσαι.
813 2032 1043 2067 Complectuntur
1061 2033 1136 2060 enim
1156 2033 1273 2060 virtutes
1288 2033 1352 2060 illas
1366 2032 1521 2061 facultata-
1562 2031 1566 2035 ⁴

201 2068 365 2104 (δυνάμεις),
385 2070 452 2103 quia
472 2070 567 2104 capita
587 2073 652 2098 sunt
671 2072 747 2098 artis.
1558 2073 1566 2087 ‘¹

291 2111 317 2143 4)
338 2109 468 2144 ὁμοειδὴς
491 2115 547 2141 πᾶς
570 2111 609 2138 ὧν
632 2111 706 2139 libri.
736 2112 874 2146 Equidem
899 2112 1067 2148 Sauppium,
1092 2114 1141 2148 qui
1161 2114 1281 2141 coniecit
1304 2118 1400 2141 πασῶν
1419 2113 1450 2141 δ’
1469 2113 1520 2141 de·
1563 2121 1566 2125 ⁴

200 2148 258 2176 leto
278 2149 361 2177 verbo
381 2149 511 2184 ὁμοειδής
530 2151 609 2185 sequi
628 2151 725 2186 malui,
745 2161 830 2186 quam
850 2153 1012 2187 Usenerum,
1034 2154 1083 2187 qui
1102 2154 1184 2181 addit
1203 2156 1268 2181 ante
1287 2159 1384 2182 πασῶν
1402 2154 1519 2181 verbum

199 2188 311 2217 λείπει
330 2190 400 2223 (sine
421 2190 474 2224 δέ).

291 2232 318 2264 ὅ)
339 2230 445 2257 Similis
465 2232 508 2257 est
526 2231 662 2265 διαίρεσις
682 2232 709 2258 in
729 2232 933 2260 Partitionibus
953 2233 1088 2261 Oratoriis
1107 2237 1122 2267 5
1144 2238 1176 2261 16
1187 2243 1246 2268 sqq.

291 2273 318 2303 6)
338 2270 567 2305 Interpunctione
591 2272 683 2298 editor
705 2272 967 2308 interpretationem
991 2274 1107 2301 adiuvit.
1137 2275 1260 2302 Dubium
1284 2275 1359 2302 enim
1382 2283 1438 2302 non
1463 2275 1519 2309 est,

200 2310 270 2344 quin
294 2310 482 2345 supplendum
506 2312 543 2338 sit
566 2314 674 2339 πολλῶν
699 2312 787 2340 ὄντων
811 2313 870 2341 scil.
894 2319 950 2342 τῶν
978 2314 1170 2350 θεωρημάτων
1198 2315 1246 2342 καὶ
1269 2314 1518 2350 παραγγελμάτων,
