1566 2592
495 144 536 171 De
554 143 644 170 tribus
665 143 777 170 dicendi
796 142 955 177 generibus.
1330 140 1373 172 93

64 228 163 260 ticam
189 238 299 260 eorum
325 226 432 258 officio
459 225 683 266 subiungimus
710 224 776 256 nive
805 234 858 255 eos
885 223 1118 265 grammaticis,
1144 234 1162 254 a
1180 221 1376 263 rhetoribus,
1400 240 1412 270 ¹?

65 282 124 323 qui
141 282 312 323 praecepta
334 278 549 311 instituendae
572 277 763 309 elocutionis
789 277 1038 317 constituerunt,
1062 278 1147 307 certe
1171 275 1267 307 alieni
1291 277 1375 307 sunt.

133 330 136 334 ’
155 334 193 366 111
217 333 384 366 rhetoricis
408 334 515 364 autem
540 331 682 372 scriptis,
706 331 740 362 in
763 330 880 371 quibus
903 341 1021 372 genera
1043 329 1167 361 dicendi
1188 330 1375 367 tractantur,

67 389 233 419 remanent
247 386 384 429 vestigia
403 385 559 427 quaedam
578 384 805 427 grammaticae
820 382 1023 414 inventionis.
1052 382 1135 414 Nam
1151 382 1290 423 primum
1306 382 1374 423 qui-

63 440 138 472 dem
162 451 272 472 omnes
296 441 418 471 veteres
442 439 613 479 scriptores
642 436 814 469 cuiuslibet
841 436 1021 467 litterarum
1050 436 1170 467 ordinis
1198 435 1231 466 in
1258 445 1376 476 genera

62 493 121 525 illa
140 493 329 525 distributos
350 503 418 524 esse
436 491 595 532 videmus,
619 490 694 532 quia
718 500 827 521 omnes
852 490 886 520 in
909 489 1094 521 criticorum
1114 499 1279 520 censuram
1302 499 1374 519 con-

65 546 244 578 veniebant.
272 545 432 577 Rhetores
451 547 559 576 autem
579 545 742 575 oratorum
761 542 915 575 maiorem
938 542 1093 574 rationem
1119 541 1322 581 habuissent,
1346 540 1374 571 si

65 599 127 642 ipsi
156 600 194 631 ad
224 610 315 631 suam
342 598 599 641 praeceptionem
627 607 743 639 genera
770 596 976 628 invenissent.
1018 595 1151 635 Poetae,
1178 594 1374 636 philosophi,

62 653 211 686 historici
235 653 269 684 in
293 651 463 695 generibus
487 651 541 691 iis,
565 661 645 692 quae
664 649 841 692 Dionysius
864 650 902 690 111
912 649 1007 689 111110
1028 648 1066 680 de
1085 647 1303 689 Dfiemosthene
1323 648 1373 678 de—

61 706 219 751 semi-tr
231 697 379 738 cKlTocati
405 707 487 737 sunt.
525 703 635 736 Cicero
655 705 762 734 autem
781 714 853 734 cum
872 713 989 745 genera
1008 702 1047 733 ad
1072 702 1246 733 oratoriam
1266 701 1374 742 dispu-

62 760 229 800 tationem,
249 769 329 800 quae
345 758 461 790 Orator
474 757 670 798 inscribitur,
689 756 864 798 adhiberet,
884 756 1010 787 disertis
1026 755 1132 787 verbis
1151 755 1374 796 philosophos,

62 813 238 854 sophistas,
262 812 447 853 historicos,
470 813 581 852 poetas
605 821 644 842 ex
667 810 786 841 finibus
806 809 1040 841 rhetoricorum
1060 819 1211 851 generum
1236 808 1374 840 semovit

60 865 130 909 (Or.
146 866 301 908 61—68).
336 865 536 907 Quamquam
560 865 644 896 enim
664 863 841 895 Homerum
861 862 1048 904 Euripidem
1068 861 1279 893 Menandrum
1304 872 1374 892 ora-

63 922 149 952 tores
164 920 227 951 iam
242 919 365 962 pridem
381 919 414 950 in
429 929 523 950 usum
538 929 631 950 suum
647 917 815 957 vocabant,
834 918 941 948 tamen
958 915 1154 956 Aeschylum
1170 914 1373 956 Sophoclem,

59 972 181 1015 lyricos
199 975 321 1014 poetas,
339 972 540 1004 Herodotum
559 971 759 1011 historicum,
777 970 943 1002 Platonem
964 968 1193 1010 philossophum
1210 979 1280 1000 sero
1301 968 1372 999 imi-

60 1026 227 1068 tabantur,
251 1037 323 1059 cum
347 1026 417 1066 εἴδη
441 1025 620 1057 litterarum
644 1023 860 1056 diversissima
882 1023 971 1055 nulla
994 1023 1079 1054 facta
1102 1021 1307 1053 distinctione
1332 1021 1372 1052 ad

61 1079 276 1111 imitationem
295 1080 480 1120 arriperent.

151 1132 397 1178 DQrglgautem
413 1131 681 1173 Theophrastum,
696 1131 751 1172 qui
767 1130 896 1171 scripsit
909 1128 984 1171 περὶ
1000 1128 1152 1173 λέξεως,
1170 1128 1372 1160 inventorem

59 1186 161 1218 trium
181 1197 350 1235 generum
354 1184 479 1218 dicendi
499 1184 624 1216 credere
644 1195 681 1216 eo
701 1186 859 1232 vetamur,
879 1183 964 1224 quod
984 1193 1111 1214 omnem
1134 1182 1306 1213 oratoriam
1325 1182 1372 1213 fa-

59 1232 350 1281 cultatem-genera
369 1230 617 1280 amplectuntur,
635 1240 701 1269 tam
721 1237 948 1279 πραγματικὸν
967 1237 1080 1276 τόπον,
1100 1247 1195 1277 quam
1211 1236 1371 1267 λεκτικόν.

61 1292 261 1325 Demetrium
285 1293 318 1324 in
341 1292 452 1324 libello
476 1292 551 1333 περὶ
575 1291 747 1333 ἑρμηνείας
766 1290 1018 1332 unumquodque
1043 1300 1143 1332 genus
1167 1289 1371 1320 distribuisse

57 1346 96 1378 in
119 1347 225 1388 capita
247 1347 429 1383 διανοίας
453 1344 568 1383 λέξεως
592 1343 783 1381 συνθέσεως
805 1344 890 1375 infra
912 1342 1133 1385 videbimus.1)
1166 1342 1370 1373 Postremum

58 1410 137 1431 vero
156 1400 313 1440 rhetores,
338 1400 393 1440 qui
413 1398 580 1440 discipulis
600 1398 767 1439 complura
786 1408 902 1440 genera
921 1396 1156 1438 proponebant,
1179 1396 1283 1427 facere
1304 1406 1370 1427 non

59 1454 218 1495 poterant,
238 1453 315 1494 quin
334 1452 373 1483 de
393 1453 516 1494 optimo
536 1462 651 1493 genere
669 1451 823 1483 iudicium
843 1451 972 1482 ferrent.
1001 1449 1089 1481 Inter
1106 1449 1199 1490 plura
1218 1449 1302 1481 enim
1318 1460 1371 1491 ge-

58 1517 138 1537 nera
155 1506 280 1537 ratione
300 1505 468 1537 dissimilia
491 1505 545 1536 sed
569 1505 638 1546 pari
660 1504 754 1536 laude
777 1503 936 1545 praedita,
961 1502 1047 1544 quod
1070 1502 1273 1544 potissimum
1297 1502 1370 1533 imi-

58 1561 219 1600 tarentur,
246 1558 464 1590 adulescentes
492 1558 609 1601 eligere
637 1568 702 1589 non
730 1559 886 1598 poterant.
931 1555 1139 1588 Grammatici
1167 1557 1274 1586 autem
1302 1556 1370 1587 suis

58 1613 230 1656 generibus
250 1614 395 1644 auctores
414 1611 507 1643 laude
525 1611 640 1654 dignos
654 1613 687 1642 et
700 1610 855 1652 probatos
871 1610 904 1641 in
919 1609 1046 1641 ordines
1060 1608 1250 1651 redigebant
1264 1609 1369 1650 specie

58 1666 186 1699 dicendi
205 1666 360 1706 diversos,
385 1665 438 1697 sed
457 1665 560 1706 pretio
580 1675 645 1695 non
664 1664 809 1705 impares.
839 1663 937 1694 Cuius
956 1662 1091 1694 rationis
1110 1662 1248 1704 vestigia
1272 1662 1368 1694 etiam

59 1719 94 1751 111
120 1719 303 1751 rhetoribus
332 1718 461 1759 scriptis
487 1720 626 1750 exstant:
654 1717 748 1749 Auct.
763 1717 803 1748 ad
817 1716 891 1748 Her.
907 1715 963 1757 IV,
980 1716 1033 1747 11:
1059 1714 1160 1756 „Sunt
1183 1716 1283 1758 igitur
1306 1716 1369 1747 tria

56 1783 196 1815 genera.
213 1798 220 1804 .
236 1798 242 1804 .
261 1772 295 1804 in
315 1771 431 1813 quibus
451 1771 555 1803 omnis
575 1771 677 1802 oratio
697 1781 762 1802 non
777 1770 893 1801 vitiosa
912 1769 1140 1802 eonsumiturf‘
1164 1768 1227 1800 Cic.
1244 1768 1295 1801 Or.
1311 1769 1368 1801 22:

56 1825 203 1867 „Horum
223 1826 425 1868 singulorum
444 1835 596 1868 generum
617 1825 798 1866 quicunque
813 1824 879 1854 vim
900 1823 932 1854 in
952 1822 1088 1865 singulis
1107 1822 1268 1854 consecuti
1284 1824 1369 1863 sunt,

57 1913 133 1940 unde
157 1922 174 1939 a
196 1913 354 1940 rhetoribus
379 1913 414 1939 de
437 1912 596 1938 imitatione
620 1911 829 1938 decertantibus
854 1910 890 1936 ad
915 1910 1021 1936 iudicia
1044 1910 1271 1936 adsumebantur.
1314 1910 1368 1936 Ge-

56 1962 127 1981 nera
144 1953 221 1980 haud
231 1953 288 1980 scio
307 1961 343 1979 an
363 1952 554 1985 Quintilianus
573 1951 659 1978 etiam
678 1951 879 1985 significaverit
897 1951 908 1976 1
923 1953 948 1982 4,
964 1954 992 1977 3:
1019 1950 1157 1983 „Mixtum
1176 1950 1219 1976 his
1238 1950 1368 1976 omnibus

57 1994 139 2028 (artis
154 1993 353 2028 grammaticae
366 1992 506 2027 partibus)
520 1991 656 2018 iudicium
671 1993 726 2018 est:
747 1999 802 2024 quo
821 1991 935 2024 quidem
954 1990 996 2016 ita
1015 1998 1108 2016 severe
1123 1991 1188 2016 sunt
1202 1990 1245 2016 usi
1259 1992 1368 2016 veteres

56 2033 250 2068 grammatici,
273 2034 305 2059 111
323 2042 379 2060 11011
397 2041 492 2059 versus
511 2032 594 2058 modo
614 2031 740 2058 censoria
759 2031 881 2065 quadam
900 2030 1009 2065 virgula
1028 2032 1126 2057 notare
1145 2032 1174 2057 et
1194 2030 1294 2062 libros,
1318 2030 1368 2064 qui

58 2074 130 2100 falso
149 2073 310 2100 viderentur
328 2073 464 2107 inscripti,
486 2074 630 2106 tamquam
649 2072 776 2098 subditos
796 2071 958 2097 submovere
977 2070 1088 2097 familia
1107 2070 1285 2105 permiserint
1304 2071 1367 2104 sibi,

55 2114 108 2141 sed
127 2114 254 2140 auctores
274 2113 344 2140 alios
358 2114 389 2140 in
403 2114 525 2140 ordinem
538 2113 697 2146 redeyerint,
717 2111 788 2138 alios
803 2111 916 2138 omnino
932 2110 1084 2137 exemerint
1099 2114 1239 2137 numero.“
1269 2110 1366 2137 Gram-

56 2154 164 2180 matica
181 2153 290 2180 ratione
309 2161 443 2187 generum
462 2153 549 2179 Varro
568 2161 635 2178 usus
655 2153 710 2178 est:
732 2153 772 2178 Et
790 2153 822 2178 in
840 2152 961 2178 carmine
979 2154 1003 2177 et
1021 2151 1052 2177 in
1070 2151 1160 2177 soluta
1179 2151 1301 2177 oratione
1319 2158 1368 2184 ge-

56 2201 125 2220 nera
144 2193 256 2219 dicendi
275 2194 340 2219 sunt
358 2193 413 2219 tria
428 2193 587 2227 probabilia
606 2194 658 2218 etc.
678 2191 796 2226 <Gellius
811 2191 849 2217 VI
866 2194 906 2224 14,
924 2195 951 2222 13
971 2190 1129 2216 Wilmanns
1144 2200 1170 2224 p.
1187 2192 1258 2224 205).
1284 2190 1367 2224 Poly-

55 2234 136 2260 bium
161 2241 216 2259 non
242 2233 328 2259 fuisse
354 2233 383 2258 in
409 2232 557 2267 generibus
584 2234 726 2258 auctorem
745 2231 878 2258 Varronis
905 2232 980 2257 recte
1007 2231 1136 2264 exposuit
1157 2230 1359 2256 Hendrickson:

57 2274 90 2301 A.
104 2273 128 2300 J.
144 2273 194 2299 Ph.
209 2273 298 2299 XXVI
312 2275 372 2299 270.

148 2315 173 2348 1)
194 2312 234 2340 Cf.
253 2312 327 2339 infra
345 2321 372 2346 p.
389 2315 448 2339 106.

1396 2255 1417 2269 ,-
