1566 2592
459 133 500 160 De
519 133 704 167 Theophrasti
724 133 833 159 ratione
854 133 995 159 virtutum.
1342 132 1380 164 17

73 217 235 258 misceret,
259 214 358 247 veluti
382 214 513 257 tragicis
533 214 677 245 versibus
697 214 724 245 si
744 225 809 245 rem
831 214 985 246 comicam
1006 217 1178 255 exponeret
1197 214 1249 253 (A.
1265 214 1298 246 P.
1314 214 1381 256 90).

74 269 191 300 Orator
213 270 319 300 autem
339 268 372 299 in
392 278 507 309 genere
526 267 693 308 peccabat,
718 267 743 298 si
769 267 807 298 de
827 267 1000 298 stillicidiis
1021 267 1105 308 apud
1125 278 1223 299 unum
1244 268 1381 300 iudicem

72 321 280 364 amplissimis
299 320 404 352 verbis
424 320 562 360 dicebat,
582 320 619 351 de
639 320 804 352 maiestate
824 320 937 361 populi
957 320 1093 352 Romani
1113 322 1282 352 summisse
1301 320 1381 363 (Cic.

74 375 126 407 Or.
143 375 207 418 72).
235 373 374 405 Multum
394 374 428 405 in
455 375 523 404 arte
550 374 677 414 poetica
702 374 844 414 interest,
867 373 1018 414 „divosne
1041 373 1194 414 loquatur
1216 385 1256 405 an
1278 374 1381 415 heros,

74 431 259 460 maturusne
278 438 374 458 senex
394 438 434 457 an
454 426 557 457 adhuc
576 426 711 458 florente
731 426 861 457 iuventa
879 426 1047 457 fervidus“.
1080 426 1180 458 Poeta
1204 429 1311 458 autem
1335 427 1382 458 in-

72 483 212 514 structus
236 482 291 511 aut
316 479 483 522 exemplis,
509 491 589 521 quae
610 478 720 511 Graeci
745 482 777 511 et
797 479 934 511 Romani
954 482 1066 520 poetae
1085 480 1201 521 prioris
1221 481 1290 511 aevi
1310 491 1381 521 sup-

72 534 218 576 peditant
242 533 294 576 (A.
309 533 343 564 P.
362 533 424 564 120
434 532 531 575 sqq),
560 535 616 565 aut
638 532 904 574 philosophorum
929 533 1098 574 disciplina
1127 533 1206 564 sciet
1231 533 1381 574 „reddere

71 597 227 629 personae
242 587 464 619 convenientia
479 586 643 628 cuique“²)
661 585 714 629 (A.
728 586 762 618 P.
778 585 867 628 309).
896 586 1004 617 Etiam
1025 586 1064 618 ad
1083 598 1147 627 eos,
1166 587 1222 628 qui
1237 587 1382 628 audiunt,

72 640 343 672 accommodanda
370 642 483 681 poetae
512 642 587 671 sunt
612 639 752 671 carmina
781 638 833 682 (A.
848 639 882 671 P.
898 639 1064 681 248sqq.).
1108 640 1227 671 Eadem
1257 640 1381 671 ratione

72 696 182 726 orator
201 693 297 726 verba
317 705 374 724 sua
393 693 633 725 accommodare
648 693 742 724 debet
757 693 797 724 ad
811 703 963 734 personas
982 695 1034 734 „et
1052 705 1171 732 eorum,
1191 694 1247 734 qui
1262 694 1381 735 dicunt,

72 749 104 779 et
123 757 247 787 eorum,
271 747 326 787 qui
346 746 497 777 audiunt“
518 745 596 788 (Cic.
612 745 664 778 Or.
682 746 747 788 71).
783 746 897 788 Capita
925 746 1062 788 denique
1087 746 1270 788 πρέποντος
1298 743 1388 778 sum!
1412 763 1443 769 »-

73 801 183 831 matim
209 802 436 831 enumerantur
455 799 519 831 Cio.
539 799 586 830 De
607 799 659 831 Or.
674 799 721 831 HI
738 800 816 831 120:
843 799 938 841 „Non
961 800 1048 831 omni
1077 811 1188 832 causae
1208 811 1265 832 nec
1293 801 1396 832 audi-s

72 854 134 885 tori
154 863 257 894 neque
276 863 431 894 personae
449 863 552 894 neque
571 853 709 894 tempori
729 863 905 895 congruere
924 853 1079 885 orationis
1099 865 1195 885 unum
1220 853 1379 896 genusf‘2)
1396 854 1397 858 ’

73 905 263 937 Oratoribus
287 906 372 938 enim
395 905 538 937 variandi
563 906 670 937 studio
694 906 902 938 inflammatis
926 917 1006 948 opus
1036 909 1085 938 est
1113 908 1204 948 quasi
1237 907 1380 947 habenis,

76 959 193 1000 quibus
217 959 300 990 vires
325 959 481 990 moderari
504 959 638 1000 possint.
670 959 759 991 Haec
778 961 885 991 autem
909 960 1015 991 decori
1039 960 1121 991 ratio
1146 963 1194 992 est
1212 963 1308 1002 atque
1328 973 1380 992 na-

74 1014 155 1053 tura,
169 1015 207 1044 ut
223 1012 318 1044 certis
337 1013 517 1054 praeceptis
533 1015 676 1043 oratores
696 1012 808 1044 doceat
823 1013 966 1044 variandi
986 1014 1086 1054 copiis
1105 1025 1163 1055 pro
1183 1014 1272 1045 varia
1293 1025 1381 1046 occa-

73 1066 164 1097 sione
182 1067 368 1106 temperare.
402 1064 563 1107 Sequitur,
582 1068 618 1097 ut
638 1077 748 1097 omnes
768 1066 912 1097 variandi
931 1069 963 1097 et
981 1066 1044 1098 loci
1064 1069 1095 1098 et
1115 1067 1328 1099 instrumenta
1348 1068 1380 1099 in

70 1117 254 1160 πρέποντος
269 1121 365 1160 caput
380 1118 489 1150 cadere
503 1119 638 1160 possint.
670 1118 757 1156 Quae
772 1119 1017 1150 innumerabilia
1032 1120 1098 1151 fere
1113 1123 1195 1152 sunt.
1229 1120 1380 1162 Inprimis

71 1173 179 1203 autem
205 1171 293 1203 varia
317 1171 442 1204 dicendi
467 1183 584 1215 genera
607 1172 670 1203 huc
692 1173 862 1213 pertinent.
895 1172 1007 1213 Itaque
1032 1172 1249 1211 Quintilianus
1274 1175 1318 1206 ita
1343 1175 1380 1206 de

72 1224 172 1266 ‘apta’
192 1224 331 1256 dictione
349 1225 512 1266 praefatus
532 1227 592 1257 est:
615 1225 718 1267 „Quid
740 1225 825 1256 enim
848 1226 979 1267 prodest
1003 1237 1071 1257 esse
1096 1227 1192 1258 verba
1215 1229 1246 1258 et
1265 1227 1381 1259 Latina

72 1276 296 1320 (ἑλληνισμός)
316 1279 348 1309 et
367 1278 582 1320 significantia
601 1277 732 1320 (σαφές)
752 1281 783 1310 et
802 1279 913 1320 nitida,
932 1279 1045 1321 figuris
1066 1279 1161 1311 etiam
1176 1281 1381 1322 numerisque

71 1330 234 1363 elaborata
256 1331 479 1373 (κατασκευή),
502 1332 565 1363 nisi
589 1343 660 1363 cum
685 1332 738 1372 iis,
766 1332 799 1363 in
825 1343 906 1373 quae
930 1332 1067 1364 iudicem
1093 1333 1164 1364 duci
1184 1334 1380 1376 formarique

71 1383 236 1426 volumus,
262 1385 477 1426 consentiant,
504 1385 530 1417 si
551 1396 651 1427 genus
672 1385 809 1416 sublime
828 1385 953 1417 dicendi
973 1386 1080 1427 parvis
1105 1387 1222 1428 causis,
1246 1399 1379 1428 parvum

72 1436 234 1480 (pressum
252 1437 276 1469 I.
291 1437 422 1480 Miiller)
442 1438 654 1479 limatumque
674 1438 857 1479 grandibus,
876 1439 995 1470 laetum
1016 1439 1180 1480 tristibus,
1202 1441 1273 1472 lene
1293 1453 1380 1482 aspe

71 1489 130 1530 ris,
153 1489 261 1522 minax
281 1491 489 1532 supplicibus,
513 1491 708 1522 submissum
729 1492 907 1532 concitatis,
926 1493 1001 1523 trux
1021 1495 1116 1534 atque
1135 1493 1312 1526 violentum
1331 1496 1380 1526 iu-

73 1542 185 1574 cundis
203 1542 451 1575 adhibeamus?“
480 1543 598 1576 Fabius
617 1544 726 1586 igitur,
746 1556 840 1586 quem
860 1545 923 1576 tria
941 1556 1058 1587 genera
1076 1557 1141 1578 non
1161 1547 1323 1589 ignorasse
1341 1559 1378 1579 ex

72 1595 156 1627 libro
175 1595 238 1627 XII
261 1597 339 1628 satis
358 1597 564 1638 perspicitur,
589 1598 620 1629 in
642 1598 747 1628 decori
769 1594 872 1640 cap'ite
891 1609 1002 1630 omnes
1022 1599 1165 1631 variandi
1185 1600 1380 1633 differentias

1423 1086 1449 1098 2

72 1649 134 1680 sibi
153 1650 280 1690 putavit
298 1649 473 1682 afferendas
493 1661 569 1682 esse.
603 1650 793 1683 Aristoteles
819 1652 946 1693 quidem
967 1653 1107 1693 parcius,
1132 1654 1186 1685 sed
1210 1665 1324 1696 genera
1349 1658 1380 1687 et
1412 1663 1483 1674 *-

72 1702 142 1743 ipse
157 1713 284 1744 quoque
300 1703 334 1734 in
347 1703 531 1744 πρέποντος
545 1687 862 1747 fifflffc‘cffiit:
882 1706 952 1746 „flb
971 1703 1007 1737 δὲ
1026 1706 1153 1747 πρέπον
1172 1707 1235 1745 ἕξει
1250 1709 1270 1749 ἡ
1285 1708 1379 1749 λέξις,
1398 1699 1403 1751 Ῐ

71 1754 130 1786 ἐὰν
149 1753 170 1797 ᾖ
187 1758 355 1797 παθητική
372 1768 407 1787 τε
421 1755 475 1788 καὶ
491 1757 592 1799 ἠθικὴ
607 1757 661 1789 καὶ
676 1763 744 1795 τοῖς
759 1758 987 1800 ὑποκειμένοις
1001 1760 1191 1802 πράγμασιν
1205 1761 1379 1802 ἀνάλογον.
1398 1754 1400 1785 i

72 1809 109 1840 τὸ
129 1807 158 1840 δ’
181 1808 348 1850 ἀνάλογόν
366 1808 466 1851 ἐστιν,
486 1810 544 1842 ἐὰν
563 1813 642 1852 μήτε
660 1811 734 1853 περὶ
754 1812 903 1852 εὐόγκων
922 1812 1225 1854 αὐτοκαβδάλως
1247 1814 1379 1856 λέγηται
1400 1816 1401 1851 ]

70 1863 151 1903 μήτε
173 1861 249 1903 περὶ
274 1862 416 1895 εὐτελῶν
441 1869 603 1905 σεμνῶς,
627 1863 702 1906 μηδ’
727 1864 779 1896 ἐπὶ
803 1869 848 1908 τῷ
872 1865 996 1898 εὐτελεῖ
1019 1866 1154 1907 ὀνόματι
1179 1867 1238 1909 ἐπῇ
1258 1864 1402 1912 κόσμοςᾷ

72 1913 180 1955 (Rhet.
195 1914 243 1947 111
259 1916 276 1947 7
293 1927 322 1956 p.
340 1916 451 1948 1408a
462 1917 526 1959 10).
557 1917 677 1949 Eadem
692 1918 815 1950 ratione
830 1918 1062 1960 Theophrasto,
1081 1920 1266 1952 Aristotelis
1287 1922 1380 1953 disci-
1396 1913 1399 1941 3

71 1966 163 2008 pulo,
197 1968 235 1999 de
263 1969 432 2001 verborum
461 1981 533 2002 cum
562 1971 657 2002 rebus
686 1973 717 2002 et
745 1972 891 2012 personis
920 1983 1076 2004 consensu
1105 1973 1272 2006 dicendum
1302 1978 1377 2007 erat.

72 2019 171 2051 Varia
189 2021 284 2053 etiam
304 2032 420 2064 genera
439 2023 565 2055 dicendi
584 2024 750 2056 tractanda
768 2025 867 2056 fuisse
886 2036 924 2056 ex
939 2025 1114 2058 Aristotele
1132 2029 1163 2058 et
1179 2026 1378 2064 Quintiliano

163 2095 188 2126 1)
207 2093 247 2120 Cf.
263 2094 318 2122 Cic.
334 2095 379 2123 Or.
396 2099 437 2124 74.
457 2097 649 2123 Aristotelem:
674 2098 809 2124 Rhet.111
828 2108 854 2132 p.
872 2102 939 2125 1408
951 2102 1019 2126 a26.
1055 2100 1150 2126 Plures
1174 2102 1266 2135 partes
1291 2111 1307 2127 a
1336 2110 1377 2127 re-

71 2133 200 2159 centibus
224 2133 381 2162 rhetoribus
405 2136 510 2162 divisae
536 2139 612 2169 sunt,
636 2137 699 2164 vide
723 2138 981 2172 Pseudo-Dionysii
1007 2139 1202 2174 Τεχν.“Ρητορ.
1222 2150 1246 2175 p.
1265 2144 1374 2172 123.11

73 2172 189 2207 (II-R),
209 2182 328 2206 quocum
347 2175 473 2202 conferas
493 2177 607 2210 Dionys.
628 2178 663 2203 de
682 2177 766 2211 Lysia
786 2187 808 2204 c.
825 2182 838 2204 9
860 2188 886 2212 p.
902 2182 954 2205 470
964 2180 994 2205 R.

163 2214 188 2247 2)
209 2213 325 2245 Quintil
341 2214 378 2240 XI
395 2219 418 2247 1,
433 2218 449 2241 4
474 2217 572 2249 „Hunc
595 2217 688 2243 locum
707 2218 802 2244 Cicero
822 2219 942 2245 breviter
962 2220 989 2245 in
1009 2220 1092 2246 tertio
1113 2220 1146 2246 de
1166 2220 1281 2247 Oratore
1306 2221 1376 2248 libro

72 2253 250 2287 perstringit,
275 2262 364 2287 neque
388 2257 482 2282 tamen
505 2256 592 2282 videri
617 2258 710 2290 potest
733 2258 886 2291 quidquam
910 2260 1036 2285 omisisse
1061 2260 1190 2286 dicendo:
1219 2260 1282 2287 Non
1302 2263 1377 2288 omni

71 2301 173 2319 causae
192 2302 243 2320 nec
262 2294 384 2321 auditori
403 2296 472 2321 etc.“

127 2342 245 2363 Stroux:
261 2344 294 2363 De
310 2344 460 2368 Theophrasti
475 2345 598 2365 virtutibus
612 2346 709 2365 dicendi.
