1566 2592
175 169 219 202 22
761 170 853 205 Caput
867 170 899 196 11.

266 252 373 293 Atque
392 251 471 284 haec
486 251 614 293 quidem
634 251 672 283 de
692 251 865 292 partitione
885 255 1016 294 quartae
1031 253 1162 285 virtutis
1177 252 1438 295 Theophrasteae
1451 264 1491 285 ex

175 306 365 348 fragmentis
390 306 627 348 cognoscimus,
651 316 732 347 quae
752 316 824 338 cum
849 306 978 338 nomine
997 307 1138 338 auctoris
1158 308 1283 338 servata
1303 308 1386 338 sunt.
1415 305 1492 339 Pro·

175 359 293 391 bantur
310 359 391 392 haec
415 361 448 391 et
471 360 689 402 illustrantur,
712 370 786 391 cum
805 359 869 391 iam
888 359 928 391 ad
947 359 1046 391 Tullii
1073 359 1192 391 librum
1216 360 1264 392 De
1289 359 1424 392 Oratore
1443 358 1492 392 111

176 414 209 445 et
227 423 282 444 eos
301 414 456 454 auctores,
471 413 527 454 qui
546 413 682 444 virtutes
697 412 956 455 Theophrasteas
975 416 1171 456 receperunt,
1190 413 1374 446 redibimus.
1400 413 1491 446 Divi-

175 466 299 499 sionem
324 467 416 498 totius
441 466 632 498 elocutionis
657 467 690 498 in
714 466 855 508 ἐκλογὴν
879 468 911 498 et
936 467 1101 499 σύνθεσιν
1124 467 1298 508 ὀνομάτων
1322 467 1433 500 Cicero
1457 467 1492 499 in

175 520 260 552 libro
280 519 329 552 De
344 518 397 552 Or.
412 519 461 551 ΙΙΙ
481 531 547 552 non
565 520 665 552 novit.
695 519 855 558 Quattuor
874 521 1009 552 virtutes
1029 531 1156 552 omnem
1177 521 1266 560 λέξιν
1284 521 1492 563 comprehen-

138 583 142 615 ζ
176 573 266 605 dunt.
295 573 417 611 Quarta
436 575 543 605 autem
564 575 696 605 ornatus
715 573 819 605 virtus
844 573 999 606 dividitur
1023 574 1165 615 primum
1185 575 1315 616 quidem
1334 575 1368 607 in
1388 575 1492 607 ‘orna-

129 618 140 638 ’Ἀ
176 629 246 659 tum
275 638 314 658 ex
343 627 480 670 singulis
507 627 627 659 verbis'
651 626 820 668 (ἐκλογήν)
845 629 878 659 et
902 628 1063 659 ‘ornatum
1087 638 1126 659 ex
1150 627 1357 660 continuatis’
1378 628 1493 671 (ἁρμιν

175 679 268 724 νίαν)
283 680 332 713 De
347 680 400 713 Or.
414 680 462 713 III
480 681 542 712 149
562 680 612 713 III
629 681 700 712 171.
734 681 961 713 Desideramus
980 681 1082 724 igitur
1102 683 1258 723 σχήματα.
1287 681 1491 724 Quamquam

175 735 370 767 recentiores
389 746 426 766 ea
450 734 483 766 in
511 735 745 776 compositione
772 734 985 776 collocabant,
1011 737 1120 767 tamen
1140 734 1251 767 Cicero
1276 734 1337 767 hac
1364 745 1492 777 quoque

176 788 211 820 in
229 799 264 820 re
283 788 424 830 priorem
445 788 623 820 doctrinam
643 790 772 820 secutus
791 788 1067 820 continuationem
1083 788 1128 820 ita
1147 789 1309 830 terminat,
1322 790 1360 820 ut
1378 787 1492 831 figuris

176 842 266 874 locus
285 852 350 873 non
371 842 464 873 detur
479 840 540 884 (ΙΙΙ
558 840 646 885 171).
674 841 835 874 Absoluta
855 841 968 874 deinde
988 842 1222 883 compositione
1241 853 1389 883 perorare
1408 841 1492 874 vide-

176 897 230 927 tur
247 894 311 938 (ΙΠ
327 895 415 938 199).
444 895 526 927 Tum
547 894 684 937 denique
704 897 852 937 σχήματα
872 895 1014 927 adnectit
1037 897 1070 927 et
1095 895 1164 937 ipse
1192 906 1283 927 suam
1313 895 1494 937 bipartitio·

175 959 250 980 nem
279 950 411 981 ornatus
435 949 531 981 tertio
556 950 661 991 capite
681 949 837 990 complet,
859 951 897 981 ut
916 948 1027 981 orbem
1046 948 1325 991 Theophrasteum
1344 949 1494 982 restituat

178 1001 212 1045 (ἓ
231 1002 390 1046 2002qq)-

265 1055 360 1088 Nihil
383 1058 545 1088 mutatum
564 1058 623 1097 est,
642 1057 705 1088 nisi
729 1056 815 1098 quod
841 1057 963 1099 figurae
989 1067 1061 1088 cum
1086 1057 1321 1098 compositione
1345 1056 1379 1089 in
1402 1066 1494 1088 orna-

177 1111 260 1155 tum·
268 1112 436 1150 perpetuae
462 1109 618 1142 orationis
646 1112 873 1142 convenerunt.
904 1109 1040 1142 Omnem
1059 1109 1158 1142 Tullii
1187 1109 1347 1142 rationem
1371 1110 1494 1152 perspi-

176 1174 247 1195 cere
274 1163 352 1195 licet
375 1174 414 1195 ex
433 1163 481 1195 De
501 1162 553 1195 Or.
571 1162 714 1195 111201:
737 1162 856 1206 „(Vos)
885 1163 1104 1196 admonendos
1132 1165 1226 1205 puto,
1254 1174 1295 1196 ne
1320 1163 1399 1205 quid
1424 1174 1494 1196 esse

176 1216 266 1249 aliud
288 1217 427 1249 oratoris
450 1216 586 1258 putetis,
611 1217 697 1258 quod
720 1217 850 1259 quidem
870 1217 913 1248 sit
937 1217 1103 1260 egregium
1131 1219 1227 1258 atque
1250 1217 1412 1259 mirabile,
1430 1217 1494 1249 nisi

177 1271 212 1303 in
230 1271 368 1313 singulis
387 1270 493 1302 verbis
508 1269 552 1314 (Ι)
567 1270 624 1302 illa
638 1270 700 1302 tria
719 1273 838 1312 tenere,
852 1273 888 1302 ut
902 1270 1068 1303 translatis
1083 1269 1130 1314 (a)
1150 1272 1281 1302 utamur
1298 1271 1494 1313 frequenter,

177 1323 339 1356 interdum
359 1323 453 1356 factis
473 1323 524 1367 (b)
543 1335 616 1356 raro
637 1326 743 1356 autem
763 1325 959 1366 pervetustis
978 1323 1034 1367 (c).
1063 1323 1101 1356 In
1121 1326 1277 1366 perpetua
1296 1327 1403 1356 autem
1424 1335 1494 1357 ora-

177 1378 266 1410 tione
285 1376 360 1420 (Π),
379 1388 451 1409 cum
472 1377 518 1420 (a)
538 1380 570 1410 et
589 1378 827 1410 coniunctionis
846 1378 1012 1410 levitatem
1033 1376 1083 1421 (1)
1104 1380 1136 1410 et
1154 1389 1377 1420 numerorum,
1395 1389 1493 1420 quam

178 1431 254 1473 dixi,
272 1432 430 1463 rationem
446 1430 497 1474 (2)
517 1431 724 1473 tenuerimus,
744 1433 813 1463 tum
828 1430 878 1474 (b)
893 1434 943 1464 est
957 1432 1050 1473 quasi
1069 1431 1247 1464 luminibus
1266 1431 1494 1475 distinguenda

177 1487 210 1517 et
229 1485 462 1526 frequentanda
485 1485 590 1517 omnis
614 1485 718 1517 oratio
742 1485 975 1518 sententiarum
994 1484 1045 1528 (1)
1071 1487 1169 1526 atque
1192 1484 1366 1517 verborum
1384 1483 1494 1527 (2)“.¹)

178 1537 303 1570 Auctor
322 1538 363 1571 ad
381 1538 580 1571 Herennium
599 1541 631 1571 et
651 1538 868 1577 Quintilianus
888 1550 907 1570 a
926 1538 1154 1581 Theophrasto
1173 1533 1304 1582 longius
1323 1538 1386 1570 iam
1405 1537 1495 1571 diffe-

177 1594 262 1624 runt.
291 1592 511 1630 Quintilianus
530 1595 639 1625 tamen
657 1593 760 1635 ipsam
780 1604 847 1624 rem
867 1595 977 1635 aperte
997 1592 1295 1634 probat„quoniam
1310 1591 1495 1631 virtutibus,

178 1657 260 1687 quae
279 1648 355 1678 sunt
370 1657 495 1678 summa
509 1646 701 1678 elocutionis
716 1647 831 1688 capita,
845 1646 985 1688 ἐκλογήν
1000 1648 1032 1678 et
1046 1646 1212 1678 σύνθεσιν
1226 1645 1370 1678 subiecit.
1390 1644 1494 1684 Quam

178 1699 270 1732 avide
290 1700 484 1741 compositio
504 1711 580 1732 suos
606 1700 767 1745 terminos
786 1700 1027 1742 propagaverit,
1056 1699 1130 1731 inde
1159 1699 1379 1742 cognoscitur,
1406 1697 1494 1740 quod

177 1753 297 1785 Fabius
316 1754 413 1785 etiam
432 1754 549 1785 tralata
567 1754 665 1786 verba
684 1765 702 1785 a
722 1753 846 1785 delectu
866 1753 1038 1785 verborum
1053 1754 1093 1785 ad
1113 1764 1183 1785 eam
1202 1752 1356 1784 transfert
1369 1751 1493 1795 (Quint.

177 1805 259 1838 VIII
274 1806 304 1848 3,
315 1807 378 1848 38).
402 1806 451 1838 De
466 1807 623 1839 divisione
638 1809 744 1839 autem
760 1810 891 1839 ornatus
906 1807 951 1838 ita
966 1807 1045 1839 dicit
1059 1805 1138 1839 VIII
1152 1807 1183 1847 3,
1196 1806 1250 1838 15:
1263 1805 1327 1847 „Et
1341 1805 1494 1848 quoniam

179 1860 336 1892 orationis
355 1862 421 1892 tam
446 1862 578 1892 ornatus
598 1872 694 1902 quam
718 1861 930 1903 perspicuitas
956 1862 1013 1892 aut
1035 1861 1070 1892 in
1092 1860 1228 1901 sinyulis
1246 1859 1352 1891 verbis
1370 1861 1419 1891 est
1437 1861 1494 1891 aut

179 1913 213 1945 in
228 1914 374 1955 pluribus
392 1913 538 1955 positus“
557 1916 614 1946 etc.
644 1914 748 1946 Multo
767 1914 901 1946 liberius
915 1913 1040 1946 Auctor
1056 1914 1096 1945 ad
1110 1912 1319 1953 Herennium,
1339 1912 1396 1954 qui
1414 1912 1493 1945 item

179 1967 316 1999 virtutes
336 1967 587 2009 Theophrasteis
607 1967 729 2000 similes
747 1968 880 2009 recepit.
908 1967 981 2000 Duo
1001 1967 1087 1999 enim
1107 1967 1213 2008 capita
1233 1968 1366 1998 ornatus
1385 1977 1424 1998 ex
1438 1965 1495 1998 tri-

178 2020 239 2053 bus
258 2021 323 2052 illis
343 2021 422 2052 adeo
449 2023 542 2053 aucta
566 2023 670 2063 erant,
689 2023 725 2053 ut
744 2032 783 2053 ex
802 2021 937 2063 imperio
962 2020 1092 2053 virtutis
1115 2020 1222 2052 soluta
1244 2019 1395 2062 proprios
1413 2019 1494 2052 fines

270 2110 297 2143 1)
315 2109 347 2135 In
367 2108 484 2135 Oratore
503 2109 612 2135 Tullius
632 2111 761 2136 ornatum
781 2109 817 2135 ad
836 2109 973 2135 iudicium
988 2108 1022 2135 de
1042 2107 1192 2143 generibus
1211 2107 1358 2134 ferendum
1377 2106 1495 2134 adhibet

180 2157 299 2183 eamque
317 2149 450 2176 virtutem
469 2158 556 2184 prope
576 2159 593 2176 a
611 2149 799 2184 Theophrasti
819 2149 908 2183 ipsius
928 2149 1040 2176 nomine
1067 2149 1183 2175 laudato
1207 2150 1231 2182 (ξ
1248 2150 1291 2182 79)
1318 2147 1360 2174 ita
1383 2146 1493 2179 dividit,

179 2191 212 2216 ut
231 2189 261 2215 in
280 2189 351 2216 libro
372 2189 412 2216 De
428 2189 473 2216 Or.
488 2190 526 2215 111
554 2189 649 2223 ¹‚Unus
665 2189 734 2224 (scil.
750 2191 876 2224 ornatus)
896 2189 1077 2223 simplicium,
1096 2188 1168 2215 alter
1187 2188 1404 2215 collocatorum“
1423 2189 1493 2220 580.

179 2229 256 2257 Inter
274 2231 439 2256 ornamenta
459 2229 658 2256 collocatorum
678 2229 823 2256 verborum
843 2229 929 2256 etiam
950 2229 1075 2264 σχήματα
1099 2229 1178 2255 ducit
1196 2231 1211 2261 ἓ
1226 2231 1270 2255 83.
1299 2227 1425 2263 σχήματα
1443 2234 1493 2254 ιιι-

180 2271 238 2297 tem
258 2269 389 2301 διανοίας
408 2270 552 2305 proprium
571 2271 657 2304 caput
675 2270 755 2296 fecit:
775 2271 978 2303 „(0rnamenta)
998 2269 1055 2296 alia
1074 2278 1175 2302 rerum,
1191 2269 1248 2295 alia
1263 2268 1493 2301 verborum-*ww

181 2310 215 2336 cf.
231 2313 264 2336 81
284 2310 334 2337 ubi
349 2319 399 2344 pro
415 2310 528 2337 ‘rerum'
547 2310 616 2337 dicit
635 2310 856 2344 „sententiarum
871 2311 1053 2336 ornamenta⁸⁸
1074 2311 1102 2336 et
1117 2312 1150 2335 83
1170 2309 1266 2343 „quod
1285 2308 1360 2335 idem
1378 2307 1493 2334 verbum

181 2350 251 2385 (scil.
272 2350 407 2386 σχήματα)
427 2350 462 2377 ab
481 2351 516 2377 iis
537 2351 622 2378 etiam
642 2351 670 2376 iu
690 2350 893 2377 sententiarum
913 2352 1078 2377 ornamenta
1098 2349 1292 2376 transfertui-⁴⁶.
