1566 2592
131 133 147 164 1
154 133 169 164 l
175 133 194 165 8
700 137 792 172 Caput
811 138 881 166 VIII.

129 215 209 254 ὄψιν
228 227 262 247 τε
283 216 422 259 ἡδίστην
440 219 506 260 ἔχει
526 219 580 250 καὶ
599 224 719 261 χρῆσιν
738 220 1006 264 ὠφελιμωτάτην,
1024 224 1107 256 κατὰ
1126 229 1224 257 τοῦτο
1243 225 1372 259 τάττειν
1387 228 1449 260 αὐ-

128 269 190 310 τὴν
210 269 289 308 ἀξιῶ
309 270 350 313 (c.
365 271 409 303 34
427 283 457 314 p.
476 272 561 304 1062
568 272 611 316 R)
630 275 802 315 πεφυκότα
818 273 879 317 μὲν
893 276 949 308 καὶ
963 283 1033 315 τοῖς
1047 278 1161 316 ἄλλοις
1174 282 1450 320 παρακολουθεῖν

128 323 308 363 πλάσμασι,
327 326 506 367 κρατίστην
525 324 562 358 δὲ
581 327 662 366 ὄψιν
680 325 799 369 ἔχοντα
818 328 872 360 καὶ
892 328 1155 373 ἐκπρεπεστάτην
1175 331 1212 364 ἐν
1230 334 1362 372 τούτοις
1375 341 1448 373 τοῖς

128 379 264 418 χωρίοις
283 379 322 420 (c.
338 378 382 410 34
400 390 430 421 p.
449 380 532 412 1061
540 379 594 422 R),
613 383 645 413 et
663 381 702 413 de
721 382 947 424 dispositione:
966 383 1010 415 ἵν’
1029 385 1234 424 εὐσύνοπτος
1252 389 1380 426 μᾶλλον
1394 387 1447 429 γε’-

129 432 229 471 νηταί
249 444 306 472 μοι
330 432 347 464 ὁ
372 434 471 474 λόγος
495 432 534 476 (c.
550 433 594 466 34
612 446 643 476 p.
661 435 805 478 1060R).
839 435 944 468 Alteri
967 437 1084 470 rationi
1109 438 1354 472 obtrectandum
1378 444 1450 474 erat

131 486 188 516 aut
215 485 390 518 virtutibus
419 489 476 519 aut
499 488 683 531 generibus,
713 489 739 521 si
764 490 896 521 omnino
921 491 953 522 in
978 491 1088 523 eadem
1113 492 1328 534 disputatione
1351 494 1450 527 ambo

129 539 414 580 componebantur.
443 540 621 583 Dionysius
637 553 708 574 cum
725 554 851 585 genera,
871 543 988 585 quibus
1003 545 1032 576 ei
1048 556 1128 586 opus
1143 548 1219 587 erat,
1234 549 1270 578 ut
1285 548 1448 589 optimum

130 591 365 625 demonstraret
384 594 648 636 Demosthenem,
673 596 824 628 adhibere
843 600 1005 640 pergeret,
1031 598 1167 631 virtutes
1187 602 1294 632 autem
1313 601 1353 633 iis
1372 602 1448 634 sub-

132 645 238 687 iceret,
256 647 481 688 perspicuitati
499 651 585 681 certe
601 649 830 691 disputationis
846 653 878 682 et
891 651 997 683 libelli
1012 653 1062 684 sui
1077 653 1182 684 ordini
1196 654 1373 696 prospexit,
1390 655 1450 688 set}

131 701 232 731 artem
259 700 405 732 confudit
431 704 463 733 et
489 702 624 734 virtutes
651 703 783 735 minime
810 704 1032 737 distrahendas
1058 706 1092 737 in
1117 717 1235 749 genera
1260 707 1452 752 disti-exim)

130 751 181 784 Ne
209 754 269 785 hac
298 754 427 796 quidem
456 756 581 788 ratione
614 757 854 799 cognoscendae
882 758 1111 792 Demosthenis
1144 760 1290 793 facultati
1321 761 1447 795 dicendi

90 843 93 854 .
132 817 326 849 magnopere
346 808 503 841 subvenit.
532 809 585 841 An
604 812 653 842 est
667 810 848 853 quisquam,
868 812 923 853 qui
937 812 1087 854 perlectis
1109 814 1268 855 capitibus
1286 815 1394 848 1—32
1409 826 1451 849 ex

91 861 93 885 3
132 861 238 902 capite
258 861 302 892 34
324 872 409 894 nova
433 873 466 894 se
490 862 566 904 περὶ
586 863 702 902 λέξεως
720 865 966 906 Λημοσθένους
989 867 1182 908 comperisse
1200 868 1362 901 fateatur?
1385 868 1452 902 Sed

92 925 95 927 <
133 925 197 956 quo
212 916 319 947 minus
334 915 493 958 Dionysio
509 917 656 959 contigit,
672 920 708 949 ut
723 918 755 950 id
771 919 859 960 quod
872 919 984 959 voluit,
1004 924 1235 963 assequeretur,
1250 933 1287 954 eo
1306 922 1454 964 apertius

132 979 192 1000 nos
219 969 387 1011 discimus,
420 981 500 1011 quae
527 971 611 1002 inter
641 982 759 1014 genera
789 974 821 1004 et
852 973 988 1005 virtutes
1017 974 1192 1007 intercedat
1217 975 1384 1008 discordia.
1415 975 1454 1008 Is

132 1022 188 1064 qui
212 1022 347 1055 infestas
371 1024 529 1056 factiones
553 1025 724 1066 temptavit
749 1026 932 1068 conciliare,
956 1027 1039 1059 nihil
1062 1028 1199 1070 profecit
1219 1029 1274 1061 sed
1298 1029 1455 1062 dissecuit

132 1076 260 1118 ἀρετῶν
282 1078 388 1109 vivum
404 1079 436 1110 et
454 1078 597 1110 validum
617 1089 733 1121 corpus
748 1079 781 1111 in
801 1080 944 1112 membra
959 1083 1095 1123 mortua,
1115 1082 1223 1123 qualia
1241 1082 1275 1114 in
1294 1093 1452 1125 generum

132 1132 199 1162 tres
218 1132 325 1172 partes
345 1131 486 1174 dispergi
505 1134 646 1173 possent.

222 1188 412 1232 Intellegere
432 1190 579 1232 equidem
598 1202 664 1222 non
683 1202 824 1232 possum,
844 1203 907 1233 qua
926 1193 1050 1224 ratione
1069 1193 1224 1226 adductus
1239 1194 1388 1236 Mayerus
1402 1205 1453 1237 ea,

134 1253 216 1284 quae
235 1242 411 1284 Dionysius
438 1243 476 1275 de
501 1244 726 1276 coniunctione
751 1244 876 1286 ἀρετῶν
901 1256 973 1277 cum
998 1247 1169 1289 generibus
1193 1249 1284 1289 quasi
1311 1247 1455 1290 ineptire

134 1307 167 1328 se
187 1297 360 1329 confitetur
384 1299 416 1328 et
440 1297 486 1329 ita
506 1297 648 1329 defendit
669 1301 781 1330 contra
800 1299 1030 1341 sycophantas,
1054 1303 1090 1332 ut
1114 1301 1214 1342 ipsius
1236 1301 1361 1343 εὕρημα
1380 1312 1455 1334 esse

134 1350 213 1382 satis
228 1352 381 1392 appareat
388 1350 423 1393 ²),
442 1351 482 1382 ad
496 1350 756 1393 Theophrastum
776 1352 819 1384 sit
837 1364 933 1385 ausus
953 1353 1080 1386 referre.
1108 1354 1266 1396 Dionysio
1284 1356 1369 1386 certe
1386 1354 1454 1387 hoc

134 1405 256 1436 crimen
275 1415 340 1436 non
359 1404 566 1436 tribuendum
586 1407 643 1446 est,
663 1406 782 1448 quippe
802 1406 857 1447 qui
877 1417 942 1438 non
961 1407 1092 1439 simulet
1111 1418 1144 1439 se
1163 1410 1240 1439 nota
1256 1410 1289 1440 et
1303 1408 1380 1440 trita
1393 1410 1454 1440 aut

134 1458 326 1490 auctoritate
354 1458 464 1500 magni
496 1459 636 1490 nominis
664 1459 809 1500 praedita
841 1459 1022 1503 proferre.⁸)
1055 1459 1214 1498 Quoniam
1238 1472 1297 1493 nos
1321 1472 1455 1504 quoquo

135 1511 253 1550 λέξεως
271 1512 389 1553 ἀρετάς
407 1523 480 1544 cum
500 1512 675 1544 virtutibus
694 1513 889 1545 narrationis
909 1514 1165 1555 comparavimus
1185 1514 1225 1558 (c.
1240 1514 1317 1558 IV),
1339 1517 1456 1548 nostrai

135 1566 275 1602 interest
288 1566 404 1607 videre,
425 1577 489 1607 qua
503 1567 627 1598 ratione
647 1566 686 1598 iis
701 1567 853 1598 abutatur
867 1567 1043 1609 Dionysius
1058 1568 1096 1599 ad
1112 1568 1225 1600 falsam
1241 1580 1331 1601 suam
1346 1568 1455 1602 distri-

135 1619 302 1651 butionem
317 1621 473 1652 virtutum
490 1620 615 1652 dicendi
635 1620 874 1652 defendendam.
908 1620 1082 1653 Contendit
1105 1623 1189 1653 enim
1209 1621 1292 1654 nihil
1310 1621 1398 1654 aliud
1416 1633 1456 1655 se

136 1674 240 1705 facere
260 1684 357 1715 quam
378 1685 432 1706 eos
451 1674 712 1715 τεχνογράφους,
732 1674 787 1715 qui
806 1674 839 1705 in
853 1675 1038 1706 narratione
1053 1675 1092 1706 de
1106 1676 1333 1717 perspicuitate
1348 1675 1452 1708 brevi-

135 1729 212 1769 tate,
230 1726 460 1768 probabilitate
479 1727 686 1769 praecipiant,
706 1738 901 1769 quamquam
920 1733 1015 1771 κοινῇ
1034 1731 1352 1770 παρακολουθοῦσιν
1370 1733 1455 1762 πᾶσι

136 1786 207 1819 τοῖς
226 1780 376 1822 μέρεσιν,
400 1782 436 1812 ut
461 1781 621 1812 similibus
645 1781 751 1812 verbis
775 1783 872 1822 atque
891 1782 945 1813 ille
965 1782 999 1813 in
1018 1782 1193 1814 virtutibus
1213 1785 1294 1814 utar.
1322 1781 1391 1814 Nos
1411 1793 1451 1815 ex

136 1834 275 1866 historia
298 1834 453 1866 virtutum
479 1835 663 1875 διηγήσεως
686 1835 804 1866 scimus
829 1846 881 1866 eas
904 1835 1008 1877 magis
1031 1835 1071 1867 ad
1094 1837 1323 1877 πραγματικὸν
1347 1837 1457 1868 τόπον

230 1959 254 1992 1)
274 1957 336 1984 Non
357 1959 492 1991 quattuor
511 1958 697 1992 Theophrasti
716 1958 846 1991 virtutes,
866 1958 915 1985 sed
934 1958 1027 1985 varias
1045 1958 1122 1992 illas,
1142 1966 1212 1992 quas
1232 1967 1266 1985 ex
1285 1959 1398 1986 iudiciis
1417 1959 1456 1987 do

137 1999 231 2033 Lysia,
251 1998 286 2024 de
305 1998 428 2025 Isocrate
447 1998 628 2032 cognovimus
647 1999 680 2032 (c.
697 1998 757 2032 VI),
781 1998 868 2025 etiam
890 1998 920 2025 in
944 1999 997 2026 hac
1020 2001 1101 2033 parte
1124 1999 1191 2026 libri
1210 1999 1245 2026 de
1265 1999 1456 2027 Demosthene

138 2047 305 2066 mvemmus.

230 2081 256 2114 ⁶2)
277 2078 306 2105 Si
321 2078 508 2112 Theophrasti
523 2079 661 2105 rationem
682 2080 793 2105 secutus
813 2080 896 2112 esset,
915 2079 1014 2113 quidni
1033 2087 1129 2106 omnes
1149 2079 1322 2106 adversarios
1342 2087 1374 2106 eo
1393 2081 1455 2106 tam

138 2119 284 2154 praeclaro
304 2120 418 2145 auctore
436 2118 606 2145 refutasset?

231 2162 256 2193 3)
277 2159 407 2192 Mayerus
427 2159 559 2185 extremis
579 2168 605 2193 p.
623 2162 654 2185 19
676 2159 766 2186 verbis
782 2160 931 2186 confitetur
946 2159 1110 2194 Dionysium
1124 2162 1273 2193 utramque
1287 2159 1459 2187 elocutionis

140 2200 333 2227 instituendae
352 2199 490 2226 rationem
505 2199 578 2225 male
594 2199 763 2227 confundere
780 2200 887 2233 („ideas
907 2201 935 2226 et
954 2203 1132 2234 χαρακτῆρας
1150 2199 1224 2226 male
1243 2200 1452 2234 confundena‘0).

140 2241 247 2268 Tamen
267 2239 457 2274 partitionem,
477 2248 533 2273 qua
551 2240 652 2266 nititur
672 2240 847 2274 Dionysiana
865 2240 921 2266 ista
941 2240 1076 2273 confusio,
1097 2240 1288 2274 Theophrasto
1307 2240 1408 2267 tribuit
1425 2240 1459 2266 et

141 2281 199 2308 suis
224 2280 340 2307 somniis
364 2279 506 2315 indulget,
535 2282 566 2306 ut
589 2280 741 2314 imaginem
765 2280 882 2306 rationis
909 2280 1135 2314 Theophrasteae
1164 2280 1306 2315 excogitet
1330 2289 1357 2314 p.
1374 2282 1457 2313 18sq·

140 2322 238 2348 adnot.
259 2324 300 2348 16.
