1566 2592
218 140 259 167 De
278 140 412 166 virtutum
431 139 544 166 dicendi
562 139 592 166 in
611 139 721 174 scriptis
741 139 846 166 criticis
865 148 918 166 usu
937 140 1021 173 atque
1041 140 1157 167 ratione.
1305 140 1346 171 75

44 222 330 267 μεγαλοπρεπείας.
358 220 404 253 Ut
428 220 586 263 omnem¹)
611 220 766 252 virtutum
791 220 963 262 rationem,
987 232 1083 262 quam
1106 221 1282 263 Dionysius
1310 221 1351 253 ad

42 277 182 318 priorem
204 274 361 313 σύνταξιν
378 274 452 316 περὶ
471 279 538 306 τῶν
557 273 702 316 ἀρχαίων
721 274 870 316 ῥητόρων
885 273 1040 315 adhibuit,
1056 276 1222 306 collectam
1237 275 1352 307 habea-

42 340 124 371 mus,
143 329 317 370 σύγκρισιν
336 328 420 359 inter
433 326 563 368 Lysiam
577 329 610 358 et
623 326 795 359 Isocratem
815 327 999 358 summatim
1019 327 1163 359 habitam
1183 328 1280 360 affero
1296 327 1351 370 (de

41 381 138 415 Isocr.
158 393 183 414 c.
201 382 238 413 11
259 392 288 423 p.
304 380 368 413 556
376 379 431 417 R):
450 381 586 422 πρώτην
598 380 659 421 μὲν
677 382 795 412 τοίνυν
815 378 902 421 ἔφην
921 379 1041 422 ἀρετὴν
1060 377 1145 412 εἶναι
1166 383 1274 422 λόγων
1288 382 1350 422 τὴν

39 436 221 477 καθαρὰν
235 434 410 477 ἑρμηνείαν
425 459 431 466 .
447 459 453 465 .
470 459 476 465 .
491 435 601 465 ἔπειτα
615 434 676 474 τὴν
690 433 897 475 ἀκρίβειαν
911 432 1000 476 τῆςῗ)
1017 433 1191 466 διαλέκτου
1205 440 1262 476 τῆς
1276 436 1350 467 τότε

38 490 212 530 συνήθους
226 512 232 519 .
250 513 256 519 .
272 512 278 519 .
292 488 372 529 μετὰ
386 492 488 519 ταῦτα
503 486 746 528 ἐπελογιζόμην,
761 486 811 518 ὅτι
826 491 896 524 τοῖς
909 488 1064 528 κυρίοις
1079 488 1133 519 καὶ
1153 489 1349 529 συνήθεσι

38 541 95 574 καὶ
125 546 277 578 κοινοῖς
303 541 464 581 ὀνόμασιν
489 540 670 582 ἀμφότεροι
696 539 869 582 κέχρηνται
967 544 1025 581 τῆς
1050 542 1267 582 σαφηνείας
1293 542 1347 573 καὶ

36 600 97 637 τῆς
115 594 320 635 ἐναργείας
340 592 547 636 ἀμφοτέρους
565 599 699 636 κρατεῖν
718 593 948 635 ἀπεφηνάμην,
968 593 1005 625 ἐν
1024 593 1061 626 δὲ
1075 598 1120 636 τῷ
1140 595 1346 636 συντόμως

36 647 193 690 ἐκφέρειν
215 648 255 679 τὰ
278 648 425 688 νοήματα
444 647 574 679 Λυσίαν
597 649 725 687 μᾶλλον
747 646 899 688 ἡγούμην
922 646 1167 688 ἐπιτυγχάνειν
1195 648 1270 688 περὶ
1289 648 1348 685 τὰς

34 699 221 742 αὐξήσεις
236 700 404 742 Ἰσοκράτη
424 704 615 742 κατορθοῦν
634 701 770 742 ἄμεινον
790 700 942 732 ἐδόκουν·
963 700 999 732 ἐν
1018 704 1063 743 τῷ
1087 700 1287 742 συστρέφειν
1305 702 1347 733 τὰ

38 755 186 796 νοήματα
204 754 258 786 καὶ
278 754 528 796 στρογγύλως
547 753 700 795 ἐκφέρειν
791 755 921 786 Λυσίαν
941 779 946 785 .
963 779 970 785 .
985 779 992 785 .
1012 753 1048 785 ἐν
1067 760 1138 792 ταῖς
1161 754 1347 795 ἠθοποιῑ-

34 820 98 845 αις
125 807 333 849 ἀμφοτέρους
360 807 515 848 εὕρισκον
544 805 686 848 δεξιούς,
714 811 772 848 τῆς
797 805 834 838 δὲ
857 807 1016 848 χάριτος
1039 807 1094 839 καὶ
1117 813 1175 848 τῆς
1197 807 1345 849 ἡδονῆς

35 860 274 903 ἀναμφιλόγως
293 860 474 892 ἀπεδίδουν
492 860 531 892 τὰ
549 866 693 902 πρωτεῖα
712 860 834 903 Λυσίᾳ·
857 861 895 892 τὸ
914 859 1207 901 μεγαλοπρεπὲς
1231 860 1345 903 ἑώρων

31 913 111 956 παρ’
135 913 322 954 Ἰσοκράτει.
356 918 417 946 τοῦ
453 916 631 945 πιθανοῦ
666 914 721 945 καὶ
748 913 968 955 πρέποντος
997 913 1174 956 οὐδέτερον
1202 914 1344 946 ἐδόκουν

31 966 284 1000 ἀπολείπεσθαι.
313 966 350 999 ἐν
373 972 411 1008 τῇ
439 966 628 999 συνθέσει
656 972 732 999 τῶν
760 967 964 1008 ὀνομάτων
989 969 1121 999 Λυσίαν
1148 965 1209 1009 μὲν
1237 967 1343 1009 ἀσφα-

34 1020 191 1062 λέστερον
209 1019 352 1062 ἔκρινον,
367 1019 559 1061 Ἰσοκράτην
577 1020 614 1052 δὲ
633 1022 887 1062 περιεργότερον
905 1023 972 1052 κτλ.

123 1073 231 1105 Etiam
251 1075 312 1106 hoe
329 1075 401 1106 loco
422 1074 563 1115 quinque
584 1074 772 1115 praecipuae
796 1074 932 1105 virtutes
956 1075 1172 1116 reperiuntur:
1195 1077 1342 1118 καθαρό-

31 1139 90 1169 της
113 1129 277 1169 σαφήνεια
301 1129 462 1168 συντομία
485 1128 669 1168 κατασκευή
691 1126 826 1168 πρέπον.
859 1127 939 1159 Cum
963 1139 1038 1159 vero
1064 1128 1208 1171 singulae
1232 1132 1341 1170 partes

30 1182 99 1213 tam
119 1180 314 1222 reliquarum
334 1180 491 1212 virtutum
511 1191 606 1221 quam
627 1183 758 1212 ornatus
778 1191 870 1222 pares
886 1181 964 1222 ipsis
979 1181 1153 1213 virtutibus
1169 1182 1342 1215 exhibean-

29 1235 86 1265 tur
105 1235 202 1275 atque
220 1236 442 1275 numerentur,
465 1233 502 1265 fit
521 1235 557 1265 ut
576 1233 714 1275 simplex
733 1234 810 1266 ordo
830 1245 1004 1275 paucarum
1028 1235 1185 1267 virtutum
1209 1236 1273 1267 iam
1293 1237 1340 1268 in-

27 1286 165 1319 tricatus
190 1287 336 1319 videatur
362 1289 394 1318 et
419 1287 557 1328 speciem
583 1287 735 1329 praebeat
760 1287 855 1319 molis
881 1288 1067 1330 indigestae.
1095 1288 1203 1330 Atque
1230 1301 1340 1331 quam-

31 1351 130 1382 quam
154 1340 244 1372 adest
266 1340 348 1372 ratio
372 1340 541 1381 quaedam,
565 1351 628 1382 qua
651 1341 730 1372 ordo
753 1341 1002 1383 redintegretur,
1025 1344 1130 1374 tamen
1157 1343 1190 1375 in
1211 1343 1338 1376 iudiciis

28 1393 70 1425 de
92 1393 202 1434 Lysia,
231 1393 268 1424 de
291 1392 444 1432 Isocrate,
473 1393 510 1425 de
537 1393 627 1425 Isaeo
655 1405 720 1425 non
748 1394 932 1433 adhibetur,
960 1396 1167 1437 cognoscitur
1194 1408 1269 1429 vero
1298 1409 1338 1429 ex

29 1446 114 1478 libro
129 1445 161 1478 II
174 1447 249 1488 περὶ
263 1448 436 1488 μιμήσεως,
451 1447 542 1478 cuius
556 1447 696 1478 indolem
712 1449 743 1479 et
758 1458 797 1479 ex
811 1448 952 1489 epitoma
965 1449 1059 1480 nobis
1075 1451 1199 1481 servata
1214 1449 1338 1493 (Frgm.

28 1498 76 1531 VI
94 1499 213 1542 U—R)
234 1502 266 1531 et
284 1511 323 1531 ex
342 1501 433 1541 parte
454 1500 591 1541 quadam
614 1500 839 1542 perspicimus,
864 1512 959 1543 quam
980 1502 1154 1544 Dionysius
1179 1504 1336 1545 epistulae

27 1552 71 1584 ad
90 1552 280 1594 Pompeium
299 1553 391 1585 datae
411 1553 549 1585 inserere
568 1554 670 1585 voluit
689 1554 729 1594 (c.
745 1553 886 1586 III——VI
906 1566 954 1596 ep.
974 1555 1013 1587 ad
1032 1555 1168 1598 Pomp.).
1197 1556 1335 1589 Easdem

27 1607 165 1638 virtutes
185 1606 324 1648 epitoma
342 1606 462 1648 passim
481 1609 655 1648 percenset,
674 1607 708 1638 in
727 1608 844 1648 quibus
863 1609 981 1640 iudicia
1004 1609 1042 1640 de
1061 1609 1165 1641 tribus
1185 1610 1249 1642 illis
1267 1621 1336 1642 ora-

24 1659 153 1691 toribus
171 1660 278 1701 posita
297 1662 380 1691 sunt.
408 1659 454 1692 Ut
472 1660 666 1702 exemplum,
693 1661 779 1702 quod
798 1661 978 1703 complures
999 1662 1237 1705 complectitur,
1261 1664 1336 1696 affe-

26 1723 110 1754 ram,
137 1712 281 1744 conferas
307 1712 416 1754 velim,
441 1713 519 1755 quid
541 1714 579 1745 de
605 1714 769 1746 comoedia
795 1715 880 1746 dicat
906 1718 950 1757 (p.
965 1716 1028 1747 207
1046 1716 1179 1757 U—R):
1204 1723 1272 1750 τῶν
1297 1719 1334 1750 δὲ

23 1766 195 1809 κωμῳδῶν
219 1766 377 1808 μιμητέον
402 1767 460 1804 τὰς
485 1768 666 1805 λεκτικὰς
693 1768 809 1809 ἀρετὰς
835 1768 974 1806 ἁπάσας·
1003 1770 1066 1801 εἰσὶ
1095 1770 1158 1810 γὰρ
1184 1770 1238 1802 καὶ
1264 1777 1335 1809 τοῖς

22 1818 166 1860 ὀνόμασι
179 1819 323 1860 καθαροὶ
339 1819 388 1862 (1)
404 1819 458 1852 καὶ
474 1825 590 1862 σαφεῖς
600 1819 650 1863 (2)
665 1821 719 1853 καὶ
735 1823 867 1863 βραχεῖς
878 1822 926 1864 (3)
942 1821 996 1854 καὶ
1012 1826 1268 1866 μεγαλοπρεπεῖς
1281 1825 1332 1867 (4)

23 1871 81 1903 καὶ
105 1872 210 1904 δεινοὶ
229 1871 278 1915 (5)
302 1872 356 1905 καὶ
380 1874 497 1915 ἠθικοί
514 1873 576 1916 (6):
605 1874 655 1906 Ita
678 1875 774 1906 etiam
799 1875 831 1906 in
854 1875 1025 1908 historicis.
1060 1876 1122 1909 Sed
1146 1880 1332 1919 excerptum

24 1925 181 1966 epistulae
207 1926 246 1957 ad
270 1926 382 1968 Pomp.
409 1926 501 1959 datae
528 1928 663 1959 virtutes
691 1929 818 1969 plenius
847 1932 1012 1961 enumerat
1040 1932 1071 1962 et
1097 1941 1180 1962 nova
1206 1931 1332 1963 ratione

24 1978 176 2019 disponit.
217 1978 392 2021 Postquam
421 1980 459 2012 de
490 1985 703 2025 πραγματικῷ
727 1982 816 2025 τόπῳ
845 1983 1026 2024 expositum
1055 1986 1116 2024 est,
1149 1984 1194 2015 ita
1224 1984 1332 2027 pergit

21 2031 71 2074 (p.
87 2031 151 2063 239
164 2043 210 2073 sq.
227 2032 361 2076 U—R):
389 2035 500 2075 πρώτη
525 2040 592 2066 τῶν
610 2034 737 2076 ἀρετῶν
759 2034 881 2076 γένοιτ’
904 2037 960 2077 ἄν,
983 2034 1021 2077 ἧς
1041 2036 1140 2078 χωρὶς
1160 2036 1239 2069 οὐδὲ
1263 2043 1331 2069 τῶν

23 2085 135 2117 ἄλλων
153 2090 220 2117 τῶν
237 2085 313 2128 περὶ
333 2088 409 2125 τοὺς
432 2089 552 2128 λόγους
575 2089 695 2129 ὄφελός
718 2088 797 2131 τι3),
821 2089 840 2130 ἡ
864 2091 996 2131 καθαρὰ
1019 2096 1089 2128 τοῖς
1112 2090 1252 2132 ὀνόμασι
1275 2091 1330 2123 καὶ

115 2187 140 2219 1)
159 2185 200 2212 De
218 2186 297 2213 Isaeo
316 2187 452 2214 iudicium
470 2188 500 2214 in
519 2188 669 2215 virtutibus
688 2189 761 2216 nihil
779 2190 843 2216 novi
862 2190 979 2224 praebet
998 2194 1031 2224 (c.
1047 2194 1062 2217 3
1083 2191 1117 2218 de
1137 2191 1234 2226 Isaeo).

114 2228 140 2260 2)
160 2225 205 2252 Sic
224 2226 315 2253 BPM.
344 2227 438 2254 Editio
459 2227 544 2254 U--R
563 2229 687 2255 codicem
706 2229 727 2256 F
746 2232 843 2256 secuta.
862 2231 977 2257 exhibet
995 2231 1053 2265 τὴν.

113 2267 138 2299 3)
159 2265 198 2292 Cf.
209 2266 292 2293 Arist.
300 2266 380 2294 Rhet.
392 2267 431 2294 111
441 2276 463 2294 c.
475 2271 490 2294 5
500 2267 574 2295 inita
589 2268 645 2295 ἔστι
655 2268 681 2295 δ’
695 2270 734 2303 ἀρ
742 2270 779 2304 χή
790 2274 839 2304 τῆς
848 2270 944 2303 λέξεως
953 2271 984 2298 τὸ
996 2270 1151 2306 ἑλληνίζειν.
1164 2271 1218 2298 Cic.
1228 2272 1269 2298 De
1281 2271 1326 2299 Or.

22 2305 61 2331 ΠΙ
69 2308 102 2332 38
109 2316 114 2332 :
122 2305 195 2339 „Nec
203 2314 356 2340 speramus,
362 2307 513 2340 quiLatine
521 2316 576 2334 non
584 2309 681 2342 possit,
687 2309 761 2336 hunc
769 2312 867 2337 ornate
875 2319 936 2337 esse
944 2311 1110 2338 dicturum‘z
1119 2311 1175 2338 Cic.
1182 2312 1259 2339 Brut.
1266 2315 1329 2341 258.
