1566 2592
135 147 199 178 114
701 146 792 181 Caput
811 147 882 174 VIII.

130 229 248 270 reliqui
264 228 375 268 Attici,
390 228 582 260 Asianorum
600 231 707 260 autem
727 229 884 261 exercitus
900 229 963 261 iam
982 229 1093 271 pulsus
1113 232 1197 262 esset
1216 230 1250 262 in
1271 242 1330 262 sua
1347 231 1448 273 βοίρα·

130 286 201 324 θρα
220 274 278 323 ’τῆς
296 282 434 324 >rocam
455 281 495 325 (c.
514 283 528 313 1
550 293 580 324 p.
596 282 736 322 447R)?

221 335 352 377 Lysiam
379 336 550 377 probatum
576 347 644 368 esse
668 338 832 368 auctorem
852 335 1028 378 Dionysius
1051 347 1108 378 per
1127 348 1160 369 se
1184 339 1277 379 putat
1300 340 1449 370 constare

131 400 235 430 neque
255 389 287 420 id
307 389 384 432 agit,
402 391 439 421 ut
459 389 526 420 eius
546 389 773 431 praestantiam
794 389 898 421 denuo
918 390 1117 432 argumentis
1135 391 1259 432 probet,
1279 391 1336 423 sed
1350 394 1450 423 utra·

131 443 264 486 tionem,
284 454 347 485 qua
361 444 472 484 utitur,
491 444 631 485 explicet
645 446 678 475 et
697 443 910 475 imitationem
933 443 1053 475 doceat.
1081 442 1194 486 Itaque
1209 444 1322 485 Lysias
1343 445 1449 476 omnis

130 508 171 528 ex
191 507 250 528 sua
277 497 432 529 facultate
452 499 484 528 et
507 497 575 528 suis
604 497 755 538 operibus
779 496 960 529 illustratur
988 496 1081 538 eique
1099 497 1204 529 forma
1227 498 1384 540 quaedam
1403 498 1450 530 di-

131 550 224 582 cendi
250 551 383 592 propria
408 550 606 582 conceditur:
632 551 802 588 Λυσιακὸς
828 551 1003 592 χαρακτήρ.
1037 549 1099 582 Sed
1118 561 1191 582 eum
1211 561 1278 583 esse
1302 551 1448 594 eundem,

131 615 229 646 quem
248 604 387 636 technici
402 606 518 636 vocant
534 605 659 646 ἰσχνόν,
679 604 712 635 in
732 615 796 646 quo
816 604 999 645 complures
1017 604 1149 636 fuerunt
1167 606 1294 645 praeter
1307 605 1448 647 Lysiam,

131 658 166 689 in
185 657 248 690 hoc
266 658 349 690 libro
376 669 441 690 non
469 658 650 699 exponitur.
687 658 809 690 Eadem
834 657 958 689 ratione
982 657 1159 699 Dionysius
1183 658 1222 689 de
1249 657 1390 691 Isocrate
1415 661 1448 691 et

130 710 223 743 Isaeo
243 723 282 743 ex
302 712 435 753 propria.
453 713 621 754 utriusque
636 712 762 743 dicendi
777 712 881 744 forma
900 711 1027 743 iudicat.
1056 711 1106 744 Ne
1121 711 1155 743 in
1174 712 1303 755 epilogo
1319 712 1449 754 quidem

132 765 251 807 prioris
271 765 457 804 συντάξεως
476 765 529 809 (de
548 765 638 798 Isaeo
659 777 683 798 c.
701 765 819 808 19sq.),
838 765 894 798 ubi
913 765 1045 797 nomina
1063 777 1182 806 eorum,
1202 776 1284 807 quos
1298 765 1451 808 neglexit,

132 818 273 851 breviter
292 821 467 860 percenset,
486 830 541 851 eos
561 819 594 851 in
614 820 759 851 ordinem
779 820 874 851 trium
896 830 1050 862 generum
1070 819 1227 861 disponit,
1251 819 1305 851 sed
1325 822 1357 852 et
1375 819 1451 852 affe-

132 874 249 904 runtur
267 872 419 904 Isocratis
439 873 559 905 similes
574 875 606 905 et
625 874 660 905 οἱ
677 874 756 911 τοὺς
774 873 922 915 ἀκριβεῖς
939 873 1200 915 προαιρούμενοι
1220 874 1352 914 λόγους,
1372 884 1452 915 quo-

133 937 205 957 rum
226 925 408 968 ἀρχέτυπος
427 927 540 968 Lysias
559 927 631 958 fuit.

224 979 317 1012 Hanc
340 981 512 1022 rationem,
537 991 599 1022 qua
625 992 888 1022 unumquemque
912 983 1072 1012 oratorem
1091 991 1150 1022 per
1168 991 1202 1012 se
1220 981 1327 1022 ipsum
1351 980 1451 1023 expli-

133 1033 233 1075 cavit,
252 1034 286 1065 in
304 1034 389 1066 libro
410 1034 448 1066 de
467 1034 685 1067 Demosthene
704 1035 826 1076 sprevit
843 1034 1030 1076 Dionysius:
1049 1034 1301 1066 Demosthenem
1320 1034 1452 1067 laudare

133 1087 242 1119 studet
261 1088 454 1129 comparatis
475 1088 634 1129 omnibus,
655 1089 710 1130 qui
730 1088 814 1120 inter
832 1090 956 1120 veteres
975 1088 1102 1120 Atticos
1122 1098 1240 1119 nomen
1258 1088 1450 1134 habuerunt.

133 1140 184 1173 Ita
212 1141 296 1173 enim
323 1142 360 1173 de
385 1141 492 1173 indole
516 1141 592 1173 libri
617 1142 685 1183 ipse
708 1153 768 1173 nos
793 1142 885 1174 docet
910 1153 935 1174 c.
951 1141 994 1173 33
1013 1153 1043 1183 p.
1062 1141 1195 1173 1058R:
1220 1141 1265 1173 ‘H
1289 1143 1452 1183 πρόθεσις

135 1191 179 1235 ἦν
201 1207 258 1235 μοι
282 1194 337 1227 καὶ
361 1195 398 1227 τὸ
428 1195 616 1237 ἐπάγγελμα
639 1200 700 1228 τοῦ
725 1196 827 1236 λόγου
847 1197 1005 1237 κρατίστῃ
1035 1195 1119 1234 λέξει
1144 1196 1197 1227 καὶ
1218 1195 1300 1235 πρὸς
1318 1195 1450 1227 ἅπασαν

138 1248 325 1292 ἀνθρώπου
350 1249 456 1291 φύσιν
480 1248 670 1291 ἡρμοσμένῃ
698 1249 902 1290 μετριώτατα
927 1248 1130 1290 Δημοσθένη
1155 1248 1358 1290 κεχρημένον
1381 1247 1450 1281 ἐπι-

137 1301 254 1343 δεῖξαι,
282 1302 336 1334 καὶ
355 1303 454 1334 τοῦτό
475 1314 513 1344 γε
537 1303 697 1343 συνάγειν
717 1301 903 1344 ἐπειρώμην
923 1302 983 1334 οὐκ
1003 1301 1035 1340 ἐξ
1064 1302 1166 1344 αὐτῆς
1194 1302 1321 1343 ἐκείνης
1347 1303 1452 1344 μόνης

134 1356 193 1393 τὰς
216 1357 343 1393 πίστεις
363 1356 480 1394 διδούς
509 1355 619 1398 (ᾔδειν
647 1356 711 1397 γὰρ
740 1356 791 1387 ὅτι
820 1354 922 1388 οὐδὲν
951 1355 1112 1396 αὔταρκές
1140 1355 1232 1388 ἐστιν
1259 1354 1311 1398 ἐφ’
1330 1355 1451 1388 ἑαυτοῦ

135 1410 391 1451 θεωρούμενον,
411 1405 484 1441 οἷόν
504 1409 587 1450 ἐστι,
608 1409 759 1451 ὀφθῆναι
775 1421 790 1438 *
811 1409 864 1441 καὶ
884 1407 1072 1452 καθαρῶς),
1091 1408 1160 1442 ἀλλ’
1180 1408 1452 1451 ἀντιπαρατιθεὶς

135 1463 219 1506 αὐτῇ
239 1463 296 1501 τὰς
321 1469 388 1495 τῶν
412 1464 522 1495 ἄλλων
548 1463 698 1506 ῥητόρων
716 1475 750 1495 τε
774 1462 829 1495 καὶ
858 1464 1056 1505 φιλοσόφων
1084 1462 1186 1501 λέξεις
1210 1463 1268 1500 τὰς
1295 1462 1453 1505 κράτιστα

136 1517 302 1555 δοκούσας
321 1518 408 1558 ἔχειν
434 1516 488 1548 καὶ
513 1522 556 1559 τῇ
581 1516 628 1549 δι’
648 1516 827 1558 ἀλλήλων
851 1516 1009 1560 βασάνῳ
1035 1517 1213 1558 φανερὰν
1235 1522 1359 1548 ποιῶν
1385 1517 1454 1558 τὴν

137 1569 291 1610 ἀμείνω.
324 1569 372 1602 ἵν’
391 1568 463 1603 οὖν
481 1571 551 1612 τὴν
571 1571 745 1612 φυσικὴν
765 1570 861 1603 ὁδὸν
880 1570 897 1602 ὁ
917 1571 1033 1611 λόγος
1051 1582 1117 1612 μοι
1141 1570 1253 1612 λάβῃ,
1276 1571 1369 1608 τοὺς
1387 1582 1452 1612 χα-

136 1628 331 1665 ρακτῆρας
359 1629 435 1655 τῶν
463 1623 682 1674 Qv
712 1625 804 1661 τοὺς
832 1623 1179 1664 ἀξιολογωτάτους
1207 1626 1452 1666 κατηριθμη-

137 1678 265 1719 σάμην
279 1677 334 1709 καὶ
349 1678 427 1715 τοὺς
445 1678 701 1719 πρωτεύσαντας
716 1677 753 1710 ἐν
772 1677 885 1715 αὐτοῖς
900 1678 1024 1719 ἄνδρας
1043 1676 1203 1718 ἐπῆλθον,
1218 1678 1329 1709 ἔπειτα
1343 1676 1453 1716 δείξας

137 1730 263 1769 ἀτελεῖς
282 1732 429 1769 ἅπαντας
448 1731 598 1769 ἐκείνους
612 1730 665 1763 καὶ
685 1730 762 1763 καθ’
782 1730 799 1763 ὃ
819 1731 960 1771 μάλιστα
979 1730 1132 1772 ἀστοχεῖν
1150 1730 1290 1763 ἕκαστον
1308 1730 1453 1771 ὑπελάμ-

138 1787 244 1827 βανον
268 1790 328 1817 τοῦ
352 1785 483 1826 τέλους,
509 1785 765 1826 ἐκλογισάμενος
785 1785 840 1816 διὰ
864 1784 1031 1826 βραχέων,
1056 1782 1166 1825 ἦλθον
1192 1783 1244 1815 ἐπὶ
1263 1784 1324 1825 τὴν
1342 1786 1452 1825 Δημο-

138 1838 254 1880 σθένη.
293 1838 415 1870 Genera
435 1839 535 1881 igitur
560 1838 788 1870 Demosthenis
807 1849 903 1870 causa
931 1839 1159 1870 enumerantur
1178 1837 1216 1869 cf.
1231 1848 1261 1879 p.
1277 1836 1390 1868 974R:
1410 1834 1452 1869 οὗ

138 1893 180 1933 δὴ
200 1892 298 1934 χάριν
317 1893 394 1930 τούς
413 1904 447 1924 τε
466 1897 673 1934 χαρακτῆρας
687 1896 745 1932 τῆς
763 1890 888 1932 λέξεως,
903 1890 962 1928 οὓς
981 1891 1131 1932 ἡγούμην
1145 1888 1231 1922 εἶναι
1246 1891 1453 1932 κρατίστους,

230 2008 256 2041 1)
276 2006 316 2032 Ex
337 2006 477 2033 Ciceronis
497 2008 607 2033 oratore
626 2006 802 2041 intellegitur
816 2005 1010 2040 quaestionem
1027 2005 1062 2032 de
1076 2004 1272 2032 Demosthenis
1292 2004 1454 2039 principatu

139 2047 177 2073 ad
197 2047 340 2073 Atticismi
369 2047 525 2074 doctrinam
555 2047 707 2081 plurimum
735 2046 864 2072 valuisse.
895 2046 977 2080 Apud
1001 2045 1081 2072 illum
1109 2045 1201 2071 adhuc
1226 2045 1277 2071 sub
1301 2045 1394 2072 iudice
1417 2044 1454 2071 li·

139 2088 210 2120 erat,
237 2087 312 2121 apud
332 2087 499 2121 Dionysium
525 2087 644 2121 insignis
667 2095 735 2121 prae
762 2086 861 2113 ceteris
888 2086 1000 2112 dicendi
1026 2085 1099 2112 ratio
1121 2085 1315 2112 Demosthenis
1335 2084 1392 2111 iam
1411 2092 1454 2111 re-

140 2129 224 2162 cepta
244 2128 305 2154 erat
324 2129 398 2153 inter
416 2127 559 2153 Atticismi
579 2127 663 2160 leges.
694 2126 833 2153 Ciceronis
853 2126 1016 2158 adversarii,
1036 2126 1084 2159 qui
1105 2135 1134 2152 se
1158 2125 1231 2152 solos
1250 2126 1352 2159 putant
1375 2132 1454 2152 veros

140 2167 259 2200 Atticos¹
279 2168 383 2202 Lysian
403 2167 499 2194 colunt
513 2169 542 2193 et
557 2167 762 2194 Demosthenen
783 2166 862 2201 parvi
882 2166 1042 2192 aestimant.
1072 2166 1232 2200 Dionysius,
1246 2165 1295 2199 qui
1310 2165 1453 2200 prooemio

140 2209 205 2242 περὶ
232 2213 288 2234 τῶν
316 2206 441 2242 ἀρχαίων
469 2206 594 2241 ῥητόρων
615 2207 749 2234 acerrimo
769 2206 913 2233 Atticismi
934 2206 1027 2233 studio
1048 2215 1077 2232 se
1096 2206 1216 2241 flagrare
1239 2205 1376 2238 ostendit,
1401 2205 1454 2231 De-

141 2248 283 2275 mostheni
297 2248 420 2283 palmam
432 2248 492 2274 sine
507 2247 685 2274 dubitatione
696 2247 782 2274 dedit.
811 2247 854 2274 Ita
869 2247 927 2273 fere
942 2247 1110 2273 recentiores
1121 2246 1221 2273 Graeci
1235 2245 1333 2278 Attici,
1348 2245 1454 2272 Romae

142 2290 237 2315 autem
265 2289 387 2315 severius
416 2296 513 2322 genus,
542 2287 618 2322 quod
642 2288 678 2314 ad
698 2286 896 2322 ἀρχαιοτέρους
915 2286 1006 2313 redire
1024 2287 1122 2321 voluit,
1142 2295 1197 2313 non
1216 2285 1387 2313 exstinctum
1401 2287 1452 2317 est,

141 2337 177 2355 ne
191 2329 333 2356 Ciceronis
353 2329 467 2363 quidem
486 2328 613 2362 exemplo
634 2329 684 2354 aut
701 2327 869 2362 praeceptis.
1167 2325 1175 2331 ’
