<?xml version="1.0" encoding="UTF-8"?>
<!DOCTYPE html PUBLIC "-//W3C//DTD XHTML 1.0 Transitional//EN"
    "http://www.w3.org/TR/xhtml1/DTD/xhtml1-transitional.dtd">
<html xmlns="http://www.w3.org/1999/xhtml" xml:lang="en" lang="en">
 <head>
  <title>
</title>
<meta http-equiv="Content-Type" content="text/html;charset=utf-8" />
  <meta name='ocr-system' content='tesseract 3.04.00' />
  <meta name='ocr-capabilities' content='ocr_page ocr_carea ocr_par ocr_line ocrx_word'/>
</head>
<body>
  <div class='ocr_page' id='page_1' title='image "./detheophrastivir00strouoft_0034.png"; bbox 0 0 1566 2592; ppageno 0'>
   <div class='ocr_carea' id='block_1_1' title="bbox 162 127 890 164">
    <p class='ocr_par' dir='ltr' id='par_1_1' title="bbox 162 127 890 164">
     <span class='ocr_line' id='line_1_1' title="bbox 162 127 890 164; baseline -0.003 -6"><span class='ocrx_word' id='word_1_1' title='bbox 162 127 205 158; x_wconf 80' lang='lat'><strong>24</strong></span> <span class='ocrx_word' id='word_1_2' title='bbox 751 127 842 164; x_wconf 83' lang='lat' dir='ltr'><strong>Caput</strong></span> <span class='ocrx_word' id='word_1_3' title='bbox 856 128 890 156; x_wconf 89' lang='lat'><strong>11.</strong></span> 
     </span>
    </p>
   </div>
   <div class='ocr_carea' id='block_1_2' title="bbox 158 209 1478 576">
    <p class='ocr_par' dir='ltr' id='par_1_2' title="bbox 158 209 1478 576">
     <span class='ocr_line' id='line_1_2' title="bbox 161 209 1478 255; baseline 0.006 -16"><span class='ocrx_word' id='word_1_4' title='bbox 161 209 273 250; x_wconf 71' lang='grc' dir='ltr'><em>ἄρθρα</em></span> <span class='ocrx_word' id='word_1_5' title='bbox 292 209 346 240; x_wconf 82' lang='grc' dir='ltr'><em>καὶ</em></span> <span class='ocrx_word' id='word_1_6' title='bbox 366 209 548 251; x_wconf 82' lang='grc' dir='ltr'><strong><em>σύνδεσμοι</em></strong></span> <span class='ocrx_word' id='word_1_7' title='bbox 567 210 622 241; x_wconf 83' lang='grc' dir='ltr'><em>καὶ</em></span> <span class='ocrx_word' id='word_1_8' title='bbox 641 210 724 242; x_wconf 75' lang='grc' dir='ltr'><em>ἄλλα</em></span> <span class='ocrx_word' id='word_1_9' title='bbox 743 211 830 243; x_wconf 79' lang='grc' dir='ltr'><em>τινά·</em></span> <span class='ocrx_word' id='word_1_10' title='bbox 859 210 973 249; x_wconf 80' lang='grc' dir='ltr'><em>λέξεως</em></span> <span class='ocrx_word' id='word_1_11' title='bbox 992 211 1028 243; x_wconf 76' lang='grc' dir='ltr'><strong>δὲ</strong></span> <span class='ocrx_word' id='word_1_12' title='bbox 1046 211 1102 244; x_wconf 83' lang='grc' dir='ltr'><em>καὶ</em></span> <span class='ocrx_word' id='word_1_13' title='bbox 1126 216 1230 244; x_wconf 88' lang='grc' dir='ltr'><em>ταῦτα</em></span> <span class='ocrx_word' id='word_1_14' title='bbox 1251 211 1350 255; x_wconf 81' lang='grc' dir='ltr'><em>μέρη,</em></span> <span class='ocrx_word' id='word_1_15' title='bbox 1374 214 1478 255; x_wconf 79' lang='grc' dir='ltr'><em>λόγου</em></span> 
     </span>
     <span class='ocr_line' id='line_1_3' title="bbox 162 261 1477 307; baseline 0.005 -14"><span class='ocrx_word' id='word_1_16' title='bbox 162 262 199 294; x_wconf 78' lang='grc' dir='ltr'><strong>δὲ</strong></span> <span class='ocrx_word' id='word_1_17' title='bbox 218 263 324 303; x_wconf 78' lang='grc' dir='ltr'><em>ὄνομα</em></span> <span class='ocrx_word' id='word_1_18' title='bbox 338 261 392 294; x_wconf 86' lang='grc' dir='ltr'><em>καὶ</em></span> <span class='ocrx_word' id='word_1_19' title='bbox 408 262 510 304; x_wconf 79' lang='grc' dir='ltr'><em>ῥῆμα·</em></span> <span class='ocrx_word' id='word_1_20' title='bbox 529 261 583 295; x_wconf 85' lang='grc' dir='ltr'><em>καὶ</em></span> <span class='ocrx_word' id='word_1_21' title='bbox 598 265 647 301; x_wconf 85' lang='grc' dir='ltr'><strong>τίς</strong></span> <span class='ocrx_word' id='word_1_22' title='bbox 662 263 682 304; x_wconf 85' lang='grc' dir='ltr'><strong><em>ἡ</em></strong></span> <span class='ocrx_word' id='word_1_23' title='bbox 701 265 801 305; x_wconf 81' lang='grc' dir='ltr'><em>κυρία</em></span> <span class='ocrx_word' id='word_1_24' title='bbox 821 263 916 306; x_wconf 81' lang='grc' dir='ltr'><em>λέξις,</em></span> <span class='ocrx_word' id='word_1_25' title='bbox 935 266 984 303; x_wconf 88' lang='grc' dir='ltr'><strong>τίς</strong></span> <span class='ocrx_word' id='word_1_26' title='bbox 1001 262 1038 297; x_wconf 76' lang='grc' dir='ltr'><strong>δὲ</strong></span> <span class='ocrx_word' id='word_1_27' title='bbox 1053 265 1073 306; x_wconf 86' lang='grc' dir='ltr'><em>ἡ</em></span> <span class='ocrx_word' id='word_1_28' title='bbox 1092 267 1308 307; x_wconf 79' lang='grc' dir='ltr'><em>μεταφορική,</em></span> <span class='ocrx_word' id='word_1_29' title='bbox 1328 265 1382 299; x_wconf 83' lang='grc' dir='ltr'><em>καὶ</em></span> <span class='ocrx_word' id='word_1_30' title='bbox 1401 268 1477 300; x_wconf 81' lang='grc' dir='ltr'><em>τίνα</em></span> 
     </span>
     <span class='ocr_line' id='line_1_4' title="bbox 162 312 1476 361; baseline 0.005 -14"><span class='ocrx_word' id='word_1_31' title='bbox 162 316 200 347; x_wconf 80' lang='grc' dir='ltr'><strong>τὰ</strong></span> <span class='ocrx_word' id='word_1_32' title='bbox 219 316 311 357; x_wconf 77' lang='grc' dir='ltr'><em>πάθη</em></span> <span class='ocrx_word' id='word_1_33' title='bbox 332 315 444 358; x_wconf 82' lang='grc' dir='ltr'><em>αὐτῆς,</em></span> <span class='ocrx_word' id='word_1_34' title='bbox 463 312 537 348; x_wconf 83' lang='grc' dir='ltr'><em>οἷον</em></span> <span class='ocrx_word' id='word_1_35' title='bbox 556 317 590 348; x_wconf 86' lang='grc' dir='ltr'><strong>τί</strong></span> <span class='ocrx_word' id='word_1_36' title='bbox 607 316 767 359; x_wconf 80' lang='grc' dir='ltr'><em>ἀποκοπή,</em></span> <span class='ocrx_word' id='word_1_37' title='bbox 787 318 822 350; x_wconf 88' lang='grc' dir='ltr'><strong>τί</strong></span> <span class='ocrx_word' id='word_1_38' title='bbox 838 317 1023 360; x_wconf 80' lang='grc' dir='ltr'><em>ἀφαίρεσις,</em></span> <span class='ocrx_word' id='word_1_39' title='bbox 1042 320 1130 357; x_wconf 78' lang='grc' dir='ltr'><em>τίνες</em></span> <span class='ocrx_word' id='word_1_40' title='bbox 1149 319 1187 351; x_wconf 75' lang='grc' dir='ltr'><em>αἱ</em></span> <span class='ocrx_word' id='word_1_41' title='bbox 1203 319 1314 361; x_wconf 79' lang='grc' dir='ltr'><em>ἁπλαῖ,</em></span> <span class='ocrx_word' id='word_1_42' title='bbox 1333 321 1422 359; x_wconf 76' lang='grc' dir='ltr'><em>τίνες</em></span> <span class='ocrx_word' id='word_1_43' title='bbox 1440 321 1476 354; x_wconf 75' lang='grc' dir='ltr'><em>αἱ</em></span> 
     </span>
     <span class='ocr_line' id='line_1_5' title="bbox 161 369 1477 415; baseline 0.004 -14"><span class='ocrx_word' id='word_1_44' title='bbox 161 371 334 411; x_wconf 81' lang='grc' dir='ltr'><em>σύνθετοι,</em></span> <span class='ocrx_word' id='word_1_45' title='bbox 362 371 450 408; x_wconf 82' lang='grc' dir='ltr'><em>τίνες</em></span> <span class='ocrx_word' id='word_1_46' title='bbox 469 370 502 402; x_wconf 76' lang='grc' dir='ltr'><em>αἱ</em></span> <span class='ocrx_word' id='word_1_47' title='bbox 526 369 753 402; x_wconf 81' lang='grc' dir='ltr'><em>ὑποσύνθετοι</em></span> <span class='ocrx_word' id='word_1_48' title='bbox 773 370 827 403; x_wconf 85' lang='grc' dir='ltr'><em>καὶ</em></span> <span class='ocrx_word' id='word_1_49' title='bbox 852 371 914 404; x_wconf 83' lang='grc' dir='ltr'><em>ὅσα</em></span> <span class='ocrx_word' id='word_1_50' title='bbox 933 377 1084 413; x_wconf 84' lang='grc' dir='ltr'><em>τοιαῦτα,</em></span> <span class='ocrx_word' id='word_1_51' title='bbox 1111 373 1165 405; x_wconf 83' lang='grc' dir='ltr'><em>καὶ</em></span> <span class='ocrx_word' id='word_1_52' title='bbox 1190 373 1252 405; x_wconf 83' lang='grc' dir='ltr'><em>ὅσα</em></span> <span class='ocrx_word' id='word_1_53' title='bbox 1275 372 1349 415; x_wconf 80' lang='grc' dir='ltr'><em>περὶ</em></span> <span class='ocrx_word' id='word_1_54' title='bbox 1377 374 1477 407; x_wconf 77' lang='grc' dir='ltr'><em>ἰδεῶν</em></span> 
     </span>
     <span class='ocr_line' id='line_1_6' title="bbox 160 421 1476 468; baseline 0.005 -14"><span class='ocrx_word' id='word_1_55' title='bbox 160 425 298 464; x_wconf 70' lang='grc' dir='ltr'><em>εἴρηται,</em></span> <span class='ocrx_word' id='word_1_56' title='bbox 316 425 352 455; x_wconf 90' lang='grc' dir='ltr'><strong>τί</strong></span> <span class='ocrx_word' id='word_1_57' title='bbox 367 424 404 456; x_wconf 87' lang='grc' dir='ltr'><strong>τὸ</strong></span> <span class='ocrx_word' id='word_1_58' title='bbox 425 421 529 465; x_wconf 71' lang='grc' dir='ltr'><em>σαφὲς</em></span> <span class='ocrx_word' id='word_1_59' title='bbox 548 423 585 455; x_wconf 83' lang='grc' dir='ltr'><strong>ἐν</strong></span> <span class='ocrx_word' id='word_1_60' title='bbox 603 429 675 462; x_wconf 82' lang='grc' dir='ltr'><em>ταῖς</em></span> <span class='ocrx_word' id='word_1_61' title='bbox 695 423 833 466; x_wconf 81' lang='grc' dir='ltr'><strong><em>λέξεσιν,</em></strong></span> <span class='ocrx_word' id='word_1_62' title='bbox 852 427 887 457; x_wconf 87' lang='grc' dir='ltr'><strong>τί</strong></span> <span class='ocrx_word' id='word_1_63' title='bbox 903 426 939 457; x_wconf 88' lang='grc' dir='ltr'><strong>τὸ</strong></span> <span class='ocrx_word' id='word_1_64' title='bbox 958 426 1215 467; x_wconf 80' lang='grc' dir='ltr'><em>μεγαλοπρεπές,</em></span> <span class='ocrx_word' id='word_1_65' title='bbox 1235 428 1269 458; x_wconf 84' lang='grc' dir='ltr'><strong>τί</strong></span> <span class='ocrx_word' id='word_1_66' title='bbox 1281 427 1317 459; x_wconf 85' lang='grc' dir='ltr'><strong>τὸ</strong></span> <span class='ocrx_word' id='word_1_67' title='bbox 1337 427 1402 468; x_wconf 76' lang='grc' dir='ltr'><strong>ἡδὺ</strong></span> <span class='ocrx_word' id='word_1_68' title='bbox 1421 427 1476 460; x_wconf 77' lang='grc' dir='ltr'><strong>καὶ</strong></span> 
     </span>
     <span class='ocr_line' id='line_1_7' title="bbox 159 475 1476 524; baseline 0.005 -17"><span class='ocrx_word' id='word_1_69' title='bbox 159 476 326 509; x_wconf 48' lang='grc' dir='ltr'><em>πιθανόνίί</em></span> <span class='ocrx_word' id='word_1_70' title='bbox 341 475 500 519; x_wconf 88' lang='lat' dir='ltr'><strong>(Simplic.</strong></span> <span class='ocrx_word' id='word_1_71' title='bbox 514 477 547 508; x_wconf 90' lang='lat' dir='ltr'><strong>in</strong></span> <span class='ocrx_word' id='word_1_72' title='bbox 557 476 693 509; x_wconf 87' lang='lat' dir='ltr'><strong>Aristot.</strong></span> <span class='ocrx_word' id='word_1_73' title='bbox 704 476 812 520; x_wconf 82' lang='lat' dir='ltr'><strong>Categ.</strong></span> <span class='ocrx_word' id='word_1_74' title='bbox 828 478 874 510; x_wconf 90' lang='lat' dir='ltr'><strong>ed.</strong></span> <span class='ocrx_word' id='word_1_75' title='bbox 887 478 1083 511; x_wconf 83' lang='lat' dir='ltr'><strong>Kalbfleisch</strong></span> <span class='ocrx_word' id='word_1_76' title='bbox 1097 491 1127 521; x_wconf 90' lang='lat' dir='ltr'><strong>p.</strong></span> <span class='ocrx_word' id='word_1_77' title='bbox 1141 480 1192 522; x_wconf 80' lang='lat'><strong>10,</strong></span> <span class='ocrx_word' id='word_1_78' title='bbox 1206 479 1353 512; x_wconf 80' lang='lat' dir='ltr'><strong>Schmidt</strong></span> <span class='ocrx_word' id='word_1_79' title='bbox 1367 480 1476 524; x_wconf 82' lang='lat' dir='ltr'><strong>Frgm.</strong></span> 
     </span>
     <span class='ocr_line' id='line_1_8' title="bbox 158 529 1477 576; baseline 0.005 -15"><span class='ocrx_word' id='word_1_80' title='bbox 158 541 188 571; x_wconf 89' lang='lat' dir='ltr'><strong>p.</strong></span> <span class='ocrx_word' id='word_1_81' title='bbox 201 529 253 571; x_wconf 89' lang='lat'><strong>38,</strong></span> <span class='ocrx_word' id='word_1_82' title='bbox 267 529 379 572; x_wconf 85' lang='lat' dir='ltr'><strong>Mayer</strong></span> <span class='ocrx_word' id='word_1_83' title='bbox 393 542 422 572; x_wconf 88' lang='lat' dir='ltr'><strong>p.</strong></span> <span class='ocrx_word' id='word_1_84' title='bbox 436 530 476 562; x_wconf 84' lang='lat'><strong>15</strong></span> <span class='ocrx_word' id='word_1_85' title='bbox 483 529 553 572; x_wconf 82' lang='lat' dir='ltr'><strong>sq.).</strong></span> <span class='ocrx_word' id='word_1_86' title='bbox 582 530 654 563; x_wconf 92' lang='lat' dir='ltr'><strong>Hoc</strong></span> <span class='ocrx_word' id='word_1_87' title='bbox 672 531 890 573; x_wconf 80' lang='lat' dir='ltr'><strong>fragmentum</strong></span> <span class='ocrx_word' id='word_1_88' title='bbox 904 532 944 563; x_wconf 89' lang='lat' dir='ltr'><strong>ab</strong></span> <span class='ocrx_word' id='word_1_89' title='bbox 965 532 1125 574; x_wconf 86' lang='lat' dir='ltr'><strong>omnibus,</strong></span> <span class='ocrx_word' id='word_1_90' title='bbox 1140 534 1196 575; x_wconf 90' lang='lat' dir='ltr'><strong>qui</strong></span> <span class='ocrx_word' id='word_1_91' title='bbox 1210 533 1249 566; x_wconf 87' lang='lat' dir='ltr'><strong>de</strong></span> <span class='ocrx_word' id='word_1_92' title='bbox 1259 533 1477 576; x_wconf 76' lang='lat' dir='ltr'><strong>Theophrasti</strong></span> 
     </span>
    </p>
   </div>
   <div class='ocr_carea' id='block_1_3' title="bbox 98 576 1478 628">
    <p class='ocr_par' dir='ltr' id='par_1_3' title="bbox 98 576 1478 628">
     <span class='ocr_line' id='line_1_9' title="bbox 98 576 1478 628; baseline 0.004 -13"><span class='ocrx_word' id='word_1_93' title='bbox 98 576 99 615; x_wconf 54' lang='lat' dir='ltr'>J</span> <span class='ocrx_word' id='word_1_94' title='bbox 159 584 338 625; x_wconf 74' lang='lat' dir='ltr'><strong>praeceptis</strong></span> <span class='ocrx_word' id='word_1_95' title='bbox 365 583 478 622; x_wconf 80' lang='grc' dir='ltr'><em>λέξεως</em></span> <span class='ocrx_word' id='word_1_96' title='bbox 501 584 712 626; x_wconf 88' lang='lat' dir='ltr'><strong>scripserunt,</strong></span> <span class='ocrx_word' id='word_1_97' title='bbox 731 585 837 617; x_wconf 89' lang='lat' dir='ltr'><strong>afferri</strong></span> <span class='ocrx_word' id='word_1_98' title='bbox 857 586 953 627; x_wconf 81' lang='lat' dir='ltr'><strong>solet,</strong></span> <span class='ocrx_word' id='word_1_99' title='bbox 972 586 1064 627; x_wconf 85' lang='lat' dir='ltr'><strong>quasi</strong></span> <span class='ocrx_word' id='word_1_100' title='bbox 1088 587 1192 628; x_wconf 85' lang='lat' dir='ltr'><strong>ipsius</strong></span> <span class='ocrx_word' id='word_1_101' title='bbox 1212 587 1372 628; x_wconf 82' lang='lat' dir='ltr'><strong>Simplicii</strong></span> <span class='ocrx_word' id='word_1_102' title='bbox 1391 589 1478 620; x_wconf 83' lang='lat' dir='ltr'><strong>esset</strong></span> 
     </span>
    </p>
   </div>
   <div class='ocr_carea' id='block_1_4' title="bbox 154 636 1477 2074">
    <p class='ocr_par' dir='ltr' id='par_1_4' title="bbox 154 636 1477 2074">
     <span class='ocr_line' id='line_1_10' title="bbox 159 636 1477 682; baseline 0.004 -14"><span class='ocrx_word' id='word_1_103' title='bbox 159 637 309 669; x_wconf 73' lang='lat' dir='ltr'><strong>auctoris</strong></span> <span class='ocrx_word' id='word_1_104' title='bbox 339 636 432 675; x_wconf 85' lang='lat' dir='ltr'><strong>Quod</strong></span> <span class='ocrx_word' id='word_1_105' title='bbox 450 639 569 669; x_wconf 91' lang='lat' dir='ltr'><strong>mirum</strong></span> <span class='ocrx_word' id='word_1_106' title='bbox 589 649 665 670; x_wconf 86' lang='lat' dir='ltr'><strong>sane</strong></span> <span class='ocrx_word' id='word_1_107' title='bbox 685 640 742 670; x_wconf 87' lang='lat' dir='ltr'><strong>est.</strong></span> <span class='ocrx_word' id='word_1_108' title='bbox 771 639 895 670; x_wconf 79' lang='lat' dir='ltr'><strong>Revera</strong></span> <span class='ocrx_word' id='word_1_109' title='bbox 915 640 1000 671; x_wconf 89' lang='lat' dir='ltr'><strong>enim</strong></span> <span class='ocrx_word' id='word_1_110' title='bbox 1020 651 1102 681; x_wconf 90' lang='lat' dir='ltr'><strong>eum,</strong></span> <span class='ocrx_word' id='word_1_111' title='bbox 1123 641 1178 682; x_wconf 89' lang='lat' dir='ltr'><strong>qui</strong></span> <span class='ocrx_word' id='word_1_112' title='bbox 1199 639 1358 682; x_wconf 87' lang='lat' dir='ltr'><strong>Simplicii</strong></span> <span class='ocrx_word' id='word_1_113' title='bbox 1378 641 1477 674; x_wconf 75' lang='lat' dir='ltr'><strong>verba</strong></span> 
     </span>
     <span class='ocr_line' id='line_1_11' title="bbox 160 690 1476 735; baseline 0.004 -13"><span class='ocrx_word' id='word_1_114' title='bbox 160 690 333 733; x_wconf 79' lang='lat' dir='ltr'><strong>diligenter</strong></span> <span class='ocrx_word' id='word_1_115' title='bbox 352 691 503 733; x_wconf 78' lang='lat' dir='ltr'><strong>perlegit,</strong></span> <span class='ocrx_word' id='word_1_116' title='bbox 522 691 634 734; x_wconf 84' lang='lat' dir='ltr'><strong>fugere</strong></span> <span class='ocrx_word' id='word_1_117' title='bbox 653 703 719 724; x_wconf 90' lang='lat' dir='ltr'><strong>non</strong></span> <span class='ocrx_word' id='word_1_118' title='bbox 738 694 861 734; x_wconf 79' lang='lat' dir='ltr'><strong>potest,</strong></span> <span class='ocrx_word' id='word_1_119' title='bbox 881 692 959 734; x_wconf 90' lang='lat' dir='ltr'><strong>quin</strong></span> <span class='ocrx_word' id='word_1_120' title='bbox 979 693 1180 735; x_wconf 78' lang='lat' dir='ltr'><strong>Porphyrius</strong></span> <span class='ocrx_word' id='word_1_121' title='bbox 1200 694 1243 726; x_wconf 86' lang='lat' dir='ltr'><strong>sit</strong></span> <span class='ocrx_word' id='word_1_122' title='bbox 1262 694 1304 735; x_wconf 80' lang='lat' dir='ltr'><strong>is,</strong></span> <span class='ocrx_word' id='word_1_123' title='bbox 1324 694 1375 726; x_wconf 89' lang='lat' dir='ltr'><strong>cui</strong></span> <span class='ocrx_word' id='word_1_124' title='bbox 1395 694 1476 728; x_wconf 74' lang='lat' dir='ltr'><strong>illud</strong></span> 
     </span>
     <span class='ocr_line' id='line_1_12' title="bbox 159 743 1476 789; baseline 0.004 -14"><span class='ocrx_word' id='word_1_125' title='bbox 159 743 374 786; x_wconf 87' lang='lat' dir='ltr'><strong>Theophrasti</strong></span> <span class='ocrx_word' id='word_1_126' title='bbox 394 745 613 786; x_wconf 77' lang='lat' dir='ltr'><strong>fragmentum</strong></span> <span class='ocrx_word' id='word_1_127' title='bbox 633 745 793 778; x_wconf 84' lang='lat' dir='ltr'><strong>debemus.</strong></span> <span class='ocrx_word' id='word_1_128' title='bbox 823 746 886 777; x_wconf 81' lang='lat' dir='ltr'><strong>Res</strong></span> <span class='ocrx_word' id='word_1_129' title='bbox 905 748 971 778; x_wconf 91' lang='lat' dir='ltr'><strong>tam</strong></span> <span class='ocrx_word' id='word_1_130' title='bbox 992 749 1104 788; x_wconf 86' lang='lat' dir='ltr'><strong>aperta</strong></span> <span class='ocrx_word' id='word_1_131' title='bbox 1123 749 1181 789; x_wconf 88' lang='lat' dir='ltr'><strong>est,</strong></span> <span class='ocrx_word' id='word_1_132' title='bbox 1200 750 1237 779; x_wconf 86' lang='lat' dir='ltr'><strong>ut</strong></span> <span class='ocrx_word' id='word_1_133' title='bbox 1257 747 1476 781; x_wconf 79' lang='lat' dir='ltr'><strong>describendis</strong></span> 
     </span>
     <span class='ocr_line' id='line_1_13' title="bbox 159 797 1476 842; baseline 0.004 -13"><span class='ocrx_word' id='word_1_134' title='bbox 159 798 309 829; x_wconf 87' lang='lat' dir='ltr'><strong>omnibus</strong></span> <span class='ocrx_word' id='word_1_135' title='bbox 335 797 464 830; x_wconf 84' lang='lat' dir='ltr'><strong>Graecis</strong></span> <span class='ocrx_word' id='word_1_136' title='bbox 493 798 599 830; x_wconf 88' lang='lat' dir='ltr'><strong>verbis</strong></span> <span class='ocrx_word' id='word_1_137' title='bbox 627 799 762 842; x_wconf 81' lang='lat' dir='ltr'><strong>paginas</strong></span> <span class='ocrx_word' id='word_1_138' title='bbox 786 799 948 841; x_wconf 86' lang='lat' dir='ltr'><strong>complere</strong></span> <span class='ocrx_word' id='word_1_139' title='bbox 976 800 1087 832; x_wconf 90' lang='lat' dir='ltr'><strong>nolim.</strong></span> <span class='ocrx_word' id='word_1_140' title='bbox 1115 799 1195 833; x_wconf 88' lang='lat' dir='ltr'><strong>Inde</strong></span> <span class='ocrx_word' id='word_1_141' title='bbox 1219 801 1259 833; x_wconf 90' lang='lat' dir='ltr'><strong>ab</strong></span> <span class='ocrx_word' id='word_1_142' title='bbox 1285 801 1337 833; x_wconf 88' lang='lat' dir='ltr'><strong>his</strong></span> <span class='ocrx_word' id='word_1_143' title='bbox 1355 801 1476 834; x_wconf 83' lang='lat' dir='ltr'><strong>verbis:</strong></span> 
     </span>
     <span class='ocr_line' id='line_1_14' title="bbox 159 849 1476 898; baseline 0.004 -15"><span class='ocrx_word' id='word_1_144' title='bbox 159 851 176 883; x_wconf 91' lang='grc' dir='ltr'>ὁ</span> <span class='ocrx_word' id='word_1_145' title='bbox 197 850 233 883; x_wconf 77' lang='grc' dir='ltr'><strong>δὲ</strong></span> <span class='ocrx_word' id='word_1_146' title='bbox 254 852 453 894; x_wconf 77' lang='grc' dir='ltr'><em>Πορφύριος</em></span> <span class='ocrx_word' id='word_1_147' title='bbox 473 852 599 884; x_wconf 80' lang='grc' dir='ltr'><em>σκοπὸν</em></span> <span class='ocrx_word' id='word_1_148' title='bbox 624 849 709 884; x_wconf 86' lang='grc' dir='ltr'><em>εἶναι</em></span> <span class='ocrx_word' id='word_1_149' title='bbox 728 858 788 884; x_wconf 88' lang='grc' dir='ltr'><em>τοῦ</em></span> <span class='ocrx_word' id='word_1_150' title='bbox 812 854 947 894; x_wconf 82' lang='grc' dir='ltr'><em>βιβλίου</em></span> <span class='ocrx_word' id='word_1_151' title='bbox 972 853 1076 895; x_wconf 87' lang='grc' dir='ltr'><em>φησὶν</em></span> <span class='ocrx_word' id='word_1_152' title='bbox 1097 856 1133 886; x_wconf 84' lang='grc' dir='ltr'><strong>ἒν</strong></span> <span class='ocrx_word' id='word_1_153' title='bbox 1151 866 1186 887; x_wconf 86' lang='grc' dir='ltr'><strong>τε</strong></span> <span class='ocrx_word' id='word_1_154' title='bbox 1206 858 1251 898; x_wconf 78' lang='grc' dir='ltr'><strong>τῷ</strong></span> <span class='ocrx_word' id='word_1_155' title='bbox 1270 855 1354 897; x_wconf 78' lang='grc' dir='ltr'><em>πρὸς</em></span> <span class='ocrx_word' id='word_1_156' title='bbox 1373 855 1476 888; x_wconf 66' lang='lat' dir='ltr'><strong>redo}-</strong></span> 
     </span>
     <span class='ocr_line' id='line_1_15' title="bbox 159 905 1476 952; baseline 0.003 -15"><span class='ocrx_word' id='word_1_157' title='bbox 159 907 250 937; x_wconf 87' lang='grc' dir='ltr'><em>λειον</em></span> <span class='ocrx_word' id='word_1_158' title='bbox 265 905 319 937; x_wconf 83' lang='grc' dir='ltr'><em>καὶ</em></span> <span class='ocrx_word' id='word_1_159' title='bbox 330 905 368 938; x_wconf 81' lang='grc' dir='ltr'><strong>ἐν</strong></span> <span class='ocrx_word' id='word_1_160' title='bbox 378 909 422 949; x_wconf 81' lang='grc' dir='ltr'><strong>τῷ</strong></span> <span class='ocrx_word' id='word_1_161' title='bbox 434 906 515 937; x_wconf 79' lang='grc' dir='ltr'><em>κατὰ</em></span> <span class='ocrx_word' id='word_1_162' title='bbox 534 910 654 938; x_wconf 82' lang='grc' dir='ltr'><em>πεῦσιν</em></span> <span class='ocrx_word' id='word_1_163' title='bbox 673 905 728 938; x_wconf 85' lang='grc' dir='ltr'><em>καὶ</em></span> <span class='ocrx_word' id='word_1_164' title='bbox 748 906 926 947; x_wconf 82' lang='grc' dir='ltr'><em>ἀπόκρισιν</em></span> <span class='ocrx_word' id='word_1_165' title='bbox 937 910 1004 939; x_wconf 81' lang='grc' dir='ltr'><em>κτλ.</em></span> <span class='ocrx_word' id='word_1_166' title='bbox 1015 907 1227 950; x_wconf 86' lang='lat' dir='ltr'><strong>(Kalbfleisch</strong></span> <span class='ocrx_word' id='word_1_167' title='bbox 1242 920 1273 950; x_wconf 92' lang='lat' dir='ltr'><strong>p.</strong></span> <span class='ocrx_word' id='word_1_168' title='bbox 1287 908 1337 950; x_wconf 89' lang='lat'><strong>10,</strong></span> <span class='ocrx_word' id='word_1_169' title='bbox 1351 907 1476 952; x_wconf 81' lang='lat' dir='ltr'><strong>1in.20)</strong></span> 
     </span>
     <span class='ocr_line' id='line_1_16' title="bbox 158 959 1477 1004; baseline 0.005 -15"><span class='ocrx_word' id='word_1_170' title='bbox 158 970 261 1000; x_wconf 86' lang='lat' dir='ltr'><strong>usque</strong></span> <span class='ocrx_word' id='word_1_171' title='bbox 281 959 321 991; x_wconf 86' lang='lat' dir='ltr'><strong>ad</strong></span> <span class='ocrx_word' id='word_1_172' title='bbox 339 959 418 991; x_wconf 88' lang='lat' dir='ltr'><strong>haec</strong></span> <span class='ocrx_word' id='word_1_173' title='bbox 438 959 548 990; x_wconf 84' lang='lat' dir='ltr'><strong>verba:</strong></span> <span class='ocrx_word' id='word_1_174' title='bbox 568 962 791 1002; x_wconf 81' lang='grc' dir='ltr'><em>προστίθησιν</em></span> <span class='ocrx_word' id='word_1_175' title='bbox 812 961 848 993; x_wconf 81' lang='grc' dir='ltr'><strong>δὲ</strong></span> <span class='ocrx_word' id='word_1_176' title='bbox 868 961 922 993; x_wconf 86' lang='grc' dir='ltr'><em>καὶ</em></span> <span class='ocrx_word' id='word_1_177' title='bbox 941 962 980 993; x_wconf 83' lang='grc' dir='ltr'><strong>τὰ</strong></span> <span class='ocrx_word' id='word_1_178' title='bbox 999 966 1060 993; x_wconf 87' lang='grc' dir='ltr'><em>τοῦ</em></span> <span class='ocrx_word' id='word_1_179' title='bbox 1079 962 1219 1002; x_wconf 88' lang='grc' dir='ltr'><em>Βοήθου</em></span> <span class='ocrx_word' id='word_1_180' title='bbox 1239 962 1258 995; x_wconf 83' lang='grc' dir='ltr'>ὁ</span> <span class='ocrx_word' id='word_1_181' title='bbox 1275 962 1477 1004; x_wconf 76' lang='grc' dir='ltr'><em>Πορφύριος</em></span> 
     </span>
     <span class='ocr_line' id='line_1_17' title="bbox 158 1012 1477 1057; baseline 0.004 -14"><span class='ocrx_word' id='word_1_182' title='bbox 158 1012 204 1055; x_wconf 92' lang='lat' dir='ltr'><strong>(p.</strong></span> <span class='ocrx_word' id='word_1_183' title='bbox 221 1013 271 1054; x_wconf 90' lang='lat'><strong>11,</strong></span> <span class='ocrx_word' id='word_1_184' title='bbox 282 1012 340 1055; x_wconf 74' lang='lat'><strong>23)</strong></span> <span class='ocrx_word' id='word_1_185' title='bbox 351 1013 565 1055; x_wconf 82' lang='lat' dir='ltr'><strong>paraphrasin</strong></span> <span class='ocrx_word' id='word_1_186' title='bbox 575 1013 750 1055; x_wconf 83' lang='lat' dir='ltr'><strong>Porphyrii</strong></span> <span class='ocrx_word' id='word_1_187' title='bbox 761 1014 891 1056; x_wconf 76' lang='lat' dir='ltr'><strong>scripsit</strong></span> <span class='ocrx_word' id='word_1_188' title='bbox 902 1014 1097 1057; x_wconf 70' lang='lat' dir='ltr'><strong>Simplicius</strong></span> <span class='ocrx_word' id='word_1_189' title='bbox 1118 1014 1224 1056; x_wconf 89' lang='lat' dir='ltr'><strong>Ipsius</strong></span> <span class='ocrx_word' id='word_1_190' title='bbox 1238 1016 1366 1048; x_wconf 91' lang='lat' dir='ltr'><strong>demum</strong></span> <span class='ocrx_word' id='word_1_191' title='bbox 1377 1015 1477 1048; x_wconf 76' lang='lat' dir='ltr'><strong>verba.</strong></span> 
     </span>
     <span class='ocr_line' id='line_1_18' title="bbox 158 1065 1476 1112; baseline 0.004 -15"><span class='ocrx_word' id='word_1_192' title='bbox 158 1066 319 1107; x_wconf 86' lang='lat' dir='ltr'><strong>incipiunt</strong></span> <span class='ocrx_word' id='word_1_193' title='bbox 333 1066 394 1098; x_wconf 88' lang='lat' dir='ltr'><strong>hoc</strong></span> <span class='ocrx_word' id='word_1_194' title='bbox 409 1067 494 1098; x_wconf 87' lang='lat' dir='ltr'><strong>loco:</strong></span> <span class='ocrx_word' id='word_1_195' title='bbox 515 1067 618 1108; x_wconf 82' lang='grc' dir='ltr'><em>δῆλον</em></span> <span class='ocrx_word' id='word_1_196' title='bbox 634 1065 697 1099; x_wconf 79' lang='grc' dir='ltr'><em>οὖν</em></span> <span class='ocrx_word' id='word_1_197' title='bbox 713 1066 748 1099; x_wconf 85' lang='grc' dir='ltr'><strong>ἐκ</strong></span> <span class='ocrx_word' id='word_1_198' title='bbox 765 1073 833 1100; x_wconf 86' lang='grc' dir='ltr'><strong>τῶν</strong></span> <span class='ocrx_word' id='word_1_199' title='bbox 857 1067 1040 1110; x_wconf 81' lang='grc' dir='ltr'><em>εἰρημένων</em></span> <span class='ocrx_word' id='word_1_200' title='bbox 1056 1094 1062 1100; x_wconf 89' lang='grc'><strong>.</strong></span> <span class='ocrx_word' id='word_1_201' title='bbox 1078 1094 1084 1100; x_wconf 89' lang='grc'><strong>.</strong></span> <span class='ocrx_word' id='word_1_202' title='bbox 1100 1094 1107 1100; x_wconf 96' lang='grc'><em>.</em></span> <span class='ocrx_word' id='word_1_203' title='bbox 1124 1068 1168 1111; x_wconf 86' lang='lat' dir='ltr'><strong>(p.</strong></span> <span class='ocrx_word' id='word_1_204' title='bbox 1186 1069 1311 1112; x_wconf 89' lang='lat'>11‚30).</span> <span class='ocrx_word' id='word_1_205' title='bbox 1330 1069 1476 1112; x_wconf 51' lang='lat' dir='ltr'><strong>Porphyf</strong></span> 
     </span>
     <span class='ocr_line' id='line_1_19' title="bbox 157 1119 1473 1165; baseline 0.003 -14"><span class='ocrx_word' id='word_1_206' title='bbox 157 1119 224 1151; x_wconf 89' lang='lat' dir='ltr'><strong>rius</strong></span> <span class='ocrx_word' id='word_1_207' title='bbox 239 1119 348 1162; x_wconf 85' lang='lat' dir='ltr'><strong>igitur,</strong></span> <span class='ocrx_word' id='word_1_208' title='bbox 363 1131 435 1152; x_wconf 91' lang='lat' dir='ltr'><strong>cum</strong></span> <span class='ocrx_word' id='word_1_209' title='bbox 457 1120 636 1163; x_wconf 79' lang='lat' dir='ltr'><strong>categorias</strong></span> <span class='ocrx_word' id='word_1_210' title='bbox 650 1120 691 1152; x_wconf 87' lang='lat' dir='ltr'><strong>ab</strong></span> <span class='ocrx_word' id='word_1_211' title='bbox 707 1122 849 1152; x_wconf 84' lang='lat' dir='ltr'><strong>oratoria</strong></span> <span class='ocrx_word' id='word_1_212' title='bbox 863 1121 1004 1153; x_wconf 75' lang='lat' dir='ltr'><strong>dictione</strong></span> <span class='ocrx_word' id='word_1_213' title='bbox 1024 1121 1230 1165; x_wconf 59' lang='lat' dir='ltr'><strong>separareffl),</strong></span> <span class='ocrx_word' id='word_1_214' title='bbox 1249 1122 1473 1164; x_wconf 72' lang='lat' dir='ltr'><strong>Theophrasto</strong></span> 
     </span>
     <span class='ocr_line' id='line_1_20' title="bbox 157 1173 1472 1218; baseline 0.003 -14"><span class='ocrx_word' id='word_1_215' title='bbox 157 1184 235 1205; x_wconf 87' lang='lat' dir='ltr'><strong>usus</strong></span> <span class='ocrx_word' id='word_1_216' title='bbox 251 1175 300 1205; x_wconf 89' lang='lat' dir='ltr'><strong>est</strong></span> <span class='ocrx_word' id='word_1_217' title='bbox 314 1176 444 1206; x_wconf 86' lang='lat' dir='ltr'><strong>auctore</strong></span> <span class='ocrx_word' id='word_1_218' title='bbox 459 1173 499 1205; x_wconf 86' lang='lat' dir='ltr'><strong>ad</strong></span> <span class='ocrx_word' id='word_1_219' title='bbox 514 1174 620 1216; x_wconf 86' lang='lat' dir='ltr'><strong>capita</strong></span> <span class='ocrx_word' id='word_1_220' title='bbox 631 1174 746 1212; x_wconf 82' lang='grc' dir='ltr'><em>λέξεως</em></span> <span class='ocrx_word' id='word_1_221' title='bbox 761 1175 984 1207; x_wconf 81' lang='lat' dir='ltr'><strong>enumeranda.</strong></span> <span class='ocrx_word' id='word_1_222' title='bbox 1005 1174 1192 1218; x_wconf 85' lang='lat' dir='ltr'><strong>Catcgorias</strong></span> <span class='ocrx_word' id='word_1_223' title='bbox 1207 1176 1294 1208; x_wconf 91' lang='lat' dir='ltr'><strong>enim</strong></span> <span class='ocrx_word' id='word_1_224' title='bbox 1309 1175 1387 1208; x_wconf 88' lang='lat' dir='ltr'><strong>dicit</strong></span> <span class='ocrx_word' id='word_1_225' title='bbox 1401 1187 1472 1208; x_wconf 82' lang='lat' dir='ltr'><strong>esse</strong></span> 
     </span>
     <span class='ocr_line' id='line_1_21' title="bbox 155 1225 1475 1271; baseline 0.003 -13"><span class='ocrx_word' id='word_1_226' title='bbox 155 1226 250 1269; x_wconf 64' lang='lat' dir='ltr'><strong>„aspi</strong></span> <span class='ocrx_word' id='word_1_227' title='bbox 271 1232 394 1269; x_wconf 84' lang='grc' dir='ltr'><em>φωνῶν</em></span> <span class='ocrx_word' id='word_1_228' title='bbox 413 1225 475 1269; x_wconf 75' lang='grc' dir='ltr'><strong>μὲν</strong></span> <span class='ocrx_word' id='word_1_229' title='bbox 494 1227 609 1259; x_wconf 80' lang='grc' dir='ltr'><em>ἁπλῶν</em></span> <span class='ocrx_word' id='word_1_230' title='bbox 623 1228 678 1259; x_wconf 82' lang='grc' dir='ltr'><em>καὶ</em></span> <span class='ocrx_word' id='word_1_231' title='bbox 697 1227 818 1266; x_wconf 79' lang='grc' dir='ltr'><em>λέξεων</em></span> <span class='ocrx_word' id='word_1_232' title='bbox 833 1253 840 1260; x_wconf 93' lang='grc'><em>.</em></span> <span class='ocrx_word' id='word_1_233' title='bbox 856 1253 862 1260; x_wconf 96' lang='grc'><strong><em>.</em></strong></span> <span class='ocrx_word' id='word_1_234' title='bbox 878 1253 885 1260; x_wconf 94' lang='grc'><strong>.</strong></span> <span class='ocrx_word' id='word_1_235' title='bbox 900 1230 988 1261; x_wconf 81' lang='grc' dir='ltr'><em>καθὸ</em></span> <span class='ocrx_word' id='word_1_236' title='bbox 1003 1227 1040 1261; x_wconf 76' lang='grc' dir='ltr'><strong>δὲ</strong></span> <span class='ocrx_word' id='word_1_237' title='bbox 1060 1229 1258 1271; x_wconf 82' lang='grc' dir='ltr'><em>σημαντικαὶ</em></span> <span class='ocrx_word' id='word_1_238' title='bbox 1279 1235 1346 1262; x_wconf 78' lang='grc' dir='ltr'><strong>τῶν</strong></span> <span class='ocrx_word' id='word_1_239' title='bbox 1365 1230 1475 1262; x_wconf 78' lang='grc' dir='ltr'><em>ὄντων</em></span> 
     </span>
     <span class='ocr_line' id='line_1_22' title="bbox 158 1280 1474 1326; baseline 0.003 -14"><span class='ocrx_word' id='word_1_240' title='bbox 158 1280 222 1313; x_wconf 82' lang='grc' dir='ltr'><em>εἰσὶ</em></span> <span class='ocrx_word' id='word_1_241' title='bbox 237 1286 304 1312; x_wconf 85' lang='grc' dir='ltr'><strong>τῶν</strong></span> <span class='ocrx_word' id='word_1_242' title='bbox 321 1281 462 1323; x_wconf 82' lang='grc' dir='ltr'><em>πρώτων</em></span> <span class='ocrx_word' id='word_1_243' title='bbox 476 1280 531 1312; x_wconf 85' lang='grc' dir='ltr'><em>καὶ</em></span> <span class='ocrx_word' id='word_1_244' title='bbox 546 1281 672 1322; x_wconf 86' lang='grc' dir='ltr'><em>ἁπλῶν,</em></span> <span class='ocrx_word' id='word_1_245' title='bbox 683 1280 754 1313; x_wconf 87' lang='grc' dir='ltr'><em>ἀλλ’</em></span> <span class='ocrx_word' id='word_1_246' title='bbox 769 1282 810 1314; x_wconf 83' lang='grc' dir='ltr'><em>οὐ</em></span> <span class='ocrx_word' id='word_1_247' title='bbox 820 1283 907 1314; x_wconf 81' lang='grc' dir='ltr'><em>καθὸ</em></span> <span class='ocrx_word' id='word_1_248' title='bbox 920 1284 1262 1324; x_wconf 78' lang='grc' dir='ltr'><em>παρασχηματίζονται</em></span> <span class='ocrx_word' id='word_1_249' title='bbox 1277 1283 1474 1326; x_wconf 80' lang='grc' dir='ltr'><em>ἣσυσχημα-</em></span> 
     </span>
     <span class='ocr_line' id='line_1_23' title="bbox 157 1334 1474 1379; baseline 0.003 -13"><span class='ocrx_word' id='word_1_250' title='bbox 157 1335 301 1373; x_wconf 81' lang='grc' dir='ltr'><em>τίζονται</em></span> <span class='ocrx_word' id='word_1_251' title='bbox 316 1334 335 1376; x_wconf 79' lang='grc' dir='ltr'><strong><em>ἣ</em></strong></span> <span class='ocrx_word' id='word_1_252' title='bbox 349 1334 442 1375; x_wconf 77' lang='grc' dir='ltr'><em>πάθη</em></span> <span class='ocrx_word' id='word_1_253' title='bbox 453 1335 566 1366; x_wconf 79' lang='grc' dir='ltr'><em>τοιάδε</em></span> <span class='ocrx_word' id='word_1_254' title='bbox 580 1334 798 1377; x_wconf 78' lang='grc' dir='ltr'><em>ἀναδέχονται</em></span> <span class='ocrx_word' id='word_1_255' title='bbox 810 1336 864 1367; x_wconf 85' lang='grc' dir='ltr'><em>καὶ</em></span> <span class='ocrx_word' id='word_1_256' title='bbox 880 1335 969 1373; x_wconf 75' lang='grc' dir='ltr'><em>ἰδέας</em></span> <span class='ocrx_word' id='word_1_257' title='bbox 979 1334 1094 1378; x_wconf 78' lang='grc' dir='ltr'><em>ἔχουσι</em></span> <span class='ocrx_word' id='word_1_258' title='bbox 1103 1337 1249 1377; x_wconf 79' lang='grc' dir='ltr'><em>τοιάσδε,</em></span> <span class='ocrx_word' id='word_1_259' title='bbox 1263 1337 1347 1379; x_wconf 76' lang='grc' dir='ltr'><em>ἅπερ</em></span> <span class='ocrx_word' id='word_1_260' title='bbox 1361 1337 1382 1379; x_wconf 84' lang='grc' dir='ltr'>ἡ</span> <span class='ocrx_word' id='word_1_261' title='bbox 1396 1336 1474 1379; x_wconf 80' lang='grc' dir='ltr'><em>περὶ</em></span> 
     </span>
     <span class='ocr_line' id='line_1_24' title="bbox 156 1387 1472 1434; baseline 0.002 -14"><span class='ocrx_word' id='word_1_262' title='bbox 156 1393 223 1420; x_wconf 82' lang='grc' dir='ltr'><strong>τῶν</strong></span> <span class='ocrx_word' id='word_1_263' title='bbox 238 1388 358 1426; x_wconf 82' lang='grc' dir='ltr'><em>λέξεων</em></span> <span class='ocrx_word' id='word_1_264' title='bbox 373 1388 416 1425; x_wconf 81' lang='grc' dir='ltr'><strong>ὡς</strong></span> <span class='ocrx_word' id='word_1_265' title='bbox 431 1387 550 1426; x_wconf 78' lang='grc' dir='ltr'><em>λέξεων</em></span> <span class='ocrx_word' id='word_1_266' title='bbox 565 1387 736 1426; x_wconf 77' lang='grc' dir='ltr'><em>ἐπίσκεψις</em></span> <span class='ocrx_word' id='word_1_267' title='bbox 749 1390 1049 1431; x_wconf 56' lang='grc' dir='ltr'><em>πολυπραγμονεϋ*</em></span> <span class='ocrx_word' id='word_1_268' title='bbox 1061 1389 1219 1433; x_wconf 89' lang='lat' dir='ltr'><strong>(Simplic.</strong></span> <span class='ocrx_word' id='word_1_269' title='bbox 1234 1390 1255 1422; x_wconf 86' lang='lat' dir='ltr'><strong>l.</strong></span> <span class='ocrx_word' id='word_1_270' title='bbox 1266 1401 1291 1423; x_wconf 94' lang='lat' dir='ltr'><strong>c.</strong></span> <span class='ocrx_word' id='word_1_271' title='bbox 1306 1401 1336 1432; x_wconf 94' lang='lat' dir='ltr'><strong>p.</strong></span> <span class='ocrx_word' id='word_1_272' title='bbox 1349 1390 1472 1434; x_wconf 84' lang='lat'>11‚32).</span> 
     </span>
     <span class='ocr_line' id='line_1_25' title="bbox 157 1441 1473 1486; baseline 0.003 -13"><span class='ocrx_word' id='word_1_273' title='bbox 157 1441 250 1480; x_wconf 84' lang='lat' dir='ltr'><strong>Quod</strong></span> <span class='ocrx_word' id='word_1_274' title='bbox 270 1453 341 1474; x_wconf 89' lang='lat' dir='ltr'><strong>cum</strong></span> <span class='ocrx_word' id='word_1_275' title='bbox 362 1442 533 1483; x_wconf 86' lang='lat' dir='ltr'><strong>Porphyrii</strong></span> <span class='ocrx_word' id='word_1_276' title='bbox 554 1443 724 1474; x_wconf 84' lang='lat' dir='ltr'><strong>consilium</strong></span> <span class='ocrx_word' id='word_1_277' title='bbox 744 1443 852 1484; x_wconf 82' lang='lat' dir='ltr'><strong>fuerit,</strong></span> <span class='ocrx_word' id='word_1_278' title='bbox 871 1443 969 1475; x_wconf 85' lang='lat' dir='ltr'><strong>verba</strong></span> <span class='ocrx_word' id='word_1_279' title='bbox 989 1454 1086 1484; x_wconf 89' lang='lat' dir='ltr'><strong>supra</strong></span> <span class='ocrx_word' id='word_1_280' title='bbox 1100 1445 1213 1475; x_wconf 84' lang='lat' dir='ltr'><strong>allata:</strong></span> <span class='ocrx_word' id='word_1_281' title='bbox 1231 1445 1319 1476; x_wconf 82' lang='grc' dir='ltr'><strong>καθὸ</strong></span> <span class='ocrx_word' id='word_1_282' title='bbox 1333 1442 1396 1485; x_wconf 70' lang='grc' dir='ltr'><strong>μὲν</strong></span> <span class='ocrx_word' id='word_1_283' title='bbox 1409 1445 1473 1486; x_wconf 73' lang='grc' dir='ltr'><strong>γὰρ</strong></span> 
     </span>
     <span class='ocr_line' id='line_1_26' title="bbox 157 1493 1475 1540; baseline 0.002 -13"><span class='ocrx_word' id='word_1_284' title='bbox 157 1495 268 1536; x_wconf 83' lang='grc' dir='ltr'><em>λέξεις,</em></span> <span class='ocrx_word' id='word_1_285' title='bbox 293 1496 394 1533; x_wconf 79' lang='grc' dir='ltr'><em>ἄλλας</em></span> <span class='ocrx_word' id='word_1_286' title='bbox 418 1493 532 1537; x_wconf 77' lang='grc' dir='ltr'><em>ἔχουσι</em></span> <span class='ocrx_word' id='word_1_287' title='bbox 555 1498 793 1538; x_wconf 75' lang='grc' dir='ltr'><em>πραγματείας,</em></span> <span class='ocrx_word' id='word_1_288' title='bbox 817 1496 856 1534; x_wconf 84' lang='grc' dir='ltr'><strong>ἃς</strong></span> <span class='ocrx_word' id='word_1_289' title='bbox 875 1495 912 1528; x_wconf 82' lang='grc' dir='ltr'><strong>ἐν</strong></span> <span class='ocrx_word' id='word_1_290' title='bbox 931 1501 976 1540; x_wconf 78' lang='grc' dir='ltr'><strong>τῷ</strong></span> <span class='ocrx_word' id='word_1_291' title='bbox 995 1497 1072 1538; x_wconf 85' lang='grc' dir='ltr'><em>περὶ</em></span> <span class='ocrx_word' id='word_1_292' title='bbox 1091 1503 1158 1529; x_wconf 87' lang='grc' dir='ltr'><strong>τῶν</strong></span> <span class='ocrx_word' id='word_1_293' title='bbox 1176 1502 1237 1529; x_wconf 91' lang='grc' dir='ltr'><em>τοῦ</em></span> <span class='ocrx_word' id='word_1_294' title='bbox 1262 1499 1365 1539; x_wconf 84' lang='grc' dir='ltr'><em>λόγου</em></span> <span class='ocrx_word' id='word_1_295' title='bbox 1389 1506 1475 1530; x_wconf 83' lang='grc' dir='ltr'><em>στοι-</em></span> 
     </span>
     <span class='ocr_line' id='line_1_27' title="bbox 156 1549 1476 1593; baseline 0.002 -12"><span class='ocrx_word' id='word_1_296' title='bbox 156 1551 255 1591; x_wconf 83' lang='grc' dir='ltr'><em>χείων</em></span> <span class='ocrx_word' id='word_1_297' title='bbox 275 1549 292 1581; x_wconf 81' lang='grc' dir='ltr'>ὅ</span> <span class='ocrx_word' id='word_1_298' title='bbox 311 1561 346 1581; x_wconf 86' lang='grc' dir='ltr'><strong>τε</strong></span> <span class='ocrx_word' id='word_1_299' title='bbox 368 1550 582 1590; x_wconf 81' lang='grc' dir='ltr'><em>Θεόφραστος</em></span> <span class='ocrx_word' id='word_1_300' title='bbox 605 1549 756 1582; x_wconf 84' lang='grc' dir='ltr'><em>ἀνακινεῖ</em></span> <span class='ocrx_word' id='word_1_301' title='bbox 774 1549 829 1581; x_wconf 84' lang='grc' dir='ltr'><em>καὶ</em></span> <span class='ocrx_word' id='word_1_302' title='bbox 850 1551 885 1582; x_wconf 82' lang='grc' dir='ltr'><em>οἱ</em></span> <span class='ocrx_word' id='word_1_303' title='bbox 901 1551 976 1591; x_wconf 79' lang='grc' dir='ltr'><em>περὶ</em></span> <span class='ocrx_word' id='word_1_304' title='bbox 996 1551 1099 1583; x_wconf 86' lang='grc' dir='ltr'><em>αὐτὸν</em></span> <span class='ocrx_word' id='word_1_305' title='bbox 1123 1552 1325 1593; x_wconf 75' lang='grc' dir='ltr'><em>γεγραφότες</em></span> <span class='ocrx_word' id='word_1_306' title='bbox 1343 1562 1409 1584; x_wconf 82' lang='grc'>11011</span> <span class='ocrx_word' id='word_1_307' title='bbox 1426 1551 1476 1583; x_wconf 72' lang='lat' dir='ltr'><strong>ita</strong></span> 
     </span>
     <span class='ocr_line' id='line_1_28' title="bbox 156 1601 1474 1646; baseline 0.002 -12"><span class='ocrx_word' id='word_1_308' title='bbox 156 1601 374 1646; x_wconf 79' lang='lat' dir='ltr'><strong>intellegenda</strong></span> <span class='ocrx_word' id='word_1_309' title='bbox 393 1614 462 1635; x_wconf 87' lang='lat' dir='ltr'><strong>esse</strong></span> <span class='ocrx_word' id='word_1_310' title='bbox 481 1603 590 1644; x_wconf 82' lang='lat' dir='ltr'><strong>credo,</strong></span> <span class='ocrx_word' id='word_1_311' title='bbox 618 1605 655 1634; x_wconf 86' lang='lat' dir='ltr'><strong>ut</strong></span> <span class='ocrx_word' id='word_1_312' title='bbox 678 1604 754 1645; x_wconf 81' lang='grc' dir='ltr'><em>περὶ</em></span> <span class='ocrx_word' id='word_1_313' title='bbox 778 1610 845 1636; x_wconf 86' lang='grc' dir='ltr'><strong>τῶν</strong></span> <span class='ocrx_word' id='word_1_314' title='bbox 870 1608 931 1636; x_wconf 78' lang='grc' dir='ltr'><em>τοῦ</em></span> <span class='ocrx_word' id='word_1_315' title='bbox 961 1605 1062 1646; x_wconf 85' lang='grc' dir='ltr'><em>λόγου</em></span> <span class='ocrx_word' id='word_1_316' title='bbox 1090 1606 1262 1646; x_wconf 83' lang='grc' dir='ltr'><em>στοιχείων</em></span> <span class='ocrx_word' id='word_1_317' title='bbox 1290 1604 1361 1646; x_wconf 87' lang='lat' dir='ltr'><strong>ipsa</strong></span> <span class='ocrx_word' id='word_1_318' title='bbox 1383 1604 1474 1638; x_wconf 84' lang='lat' dir='ltr'><strong>tituli</strong></span> 
     </span>
     <span class='ocr_line' id='line_1_29' title="bbox 155 1657 1473 1700; baseline 0.002 -12"><span class='ocrx_word' id='word_1_319' title='bbox 155 1657 259 1688; x_wconf 86' lang='lat' dir='ltr'><strong>forma</strong></span> <span class='ocrx_word' id='word_1_320' title='bbox 278 1657 376 1688; x_wconf 79' lang='lat' dir='ltr'><strong>fuerit</strong></span> <span class='ocrx_word' id='word_1_321' title='bbox 392 1675 433 1679; x_wconf 86' lang='lat'><strong>—-</strong></span> <span class='ocrx_word' id='word_1_322' title='bbox 448 1667 552 1698; x_wconf 89' lang='lat' dir='ltr'><strong>neque</strong></span> <span class='ocrx_word' id='word_1_323' title='bbox 572 1657 658 1688; x_wconf 88' lang='lat' dir='ltr'><strong>enim</strong></span> <span class='ocrx_word' id='word_1_324' title='bbox 678 1657 716 1688; x_wconf 90' lang='lat' dir='ltr'><strong>de</strong></span> <span class='ocrx_word' id='word_1_325' title='bbox 733 1657 792 1688; x_wconf 86' lang='lat' dir='ltr'><strong>tali</strong></span> <span class='ocrx_word' id='word_1_326' title='bbox 811 1657 1027 1699; x_wconf 85' lang='lat' dir='ltr'><strong>Theophrasti</strong></span> <span class='ocrx_word' id='word_1_327' title='bbox 1047 1657 1131 1689; x_wconf 88' lang='lat' dir='ltr'><strong>libro</strong></span> <span class='ocrx_word' id='word_1_328' title='bbox 1151 1658 1280 1690; x_wconf 77' lang='lat' dir='ltr'><strong>aliunde</strong></span> <span class='ocrx_word' id='word_1_329' title='bbox 1299 1658 1473 1700; x_wconf 77' lang='lat' dir='ltr'><strong>quicquam</strong></span> 
     </span>
     <span class='ocr_line' id='line_1_30' title="bbox 157 1709 1472 1754; baseline 0.002 -13"><span class='ocrx_word' id='word_1_330' title='bbox 157 1711 372 1752; x_wconf 88' lang='lat' dir='ltr'><strong>comperimus</strong></span> <span class='ocrx_word' id='word_1_331' title='bbox 397 1712 429 1742; x_wconf 89' lang='lat' dir='ltr'><strong>et</strong></span> <span class='ocrx_word' id='word_1_332' title='bbox 452 1709 654 1752; x_wconf 87' lang='lat' dir='ltr'><strong>Porphyrius</strong></span> <span class='ocrx_word' id='word_1_333' title='bbox 678 1713 806 1752; x_wconf 80' lang='lat' dir='ltr'><strong>praeter</strong></span> <span class='ocrx_word' id='word_1_334' title='bbox 828 1710 1088 1752; x_wconf 84' lang='lat' dir='ltr'><strong>Theophrastum</strong></span> <span class='ocrx_word' id='word_1_335' title='bbox 1112 1712 1194 1743; x_wconf 85' lang='lat' dir='ltr'><strong>alios</strong></span> <span class='ocrx_word' id='word_1_336' title='bbox 1217 1712 1366 1754; x_wconf 80' lang='lat' dir='ltr'><strong>advocat,</strong></span> <span class='ocrx_word' id='word_1_337' title='bbox 1389 1722 1472 1754; x_wconf 80' lang='lat' dir='ltr'><strong>quos</strong></span> 
     </span>
     <span class='ocr_line' id='line_1_31' title="bbox 156 1763 1472 1806; baseline 0.002 -12"><span class='ocrx_word' id='word_1_338' title='bbox 156 1774 267 1795; x_wconf 89' lang='lat' dir='ltr'><strong>omnes</strong></span> <span class='ocrx_word' id='word_1_339' title='bbox 287 1763 429 1795; x_wconf 89' lang='lat' dir='ltr'><strong>eiusdem</strong></span> <span class='ocrx_word' id='word_1_340' title='bbox 449 1763 537 1795; x_wconf 87' lang='lat' dir='ltr'><strong>tituli</strong></span> <span class='ocrx_word' id='word_1_341' title='bbox 556 1764 656 1796; x_wconf 89' lang='lat' dir='ltr'><strong>libros</strong></span> <span class='ocrx_word' id='word_1_342' title='bbox 676 1765 894 1806; x_wconf 86' lang='lat' dir='ltr'><strong>composuisse</strong></span> <span class='ocrx_word' id='word_1_343' title='bbox 913 1767 998 1796; x_wconf 86' lang='lat' dir='ltr'><strong>certe</strong></span> <span class='ocrx_word' id='word_1_344' title='bbox 1012 1776 1077 1797; x_wconf 92' lang='lat' dir='ltr'><strong>non</strong></span> <span class='ocrx_word' id='word_1_345' title='bbox 1092 1764 1163 1797; x_wconf 85' lang='lat' dir='ltr'><strong>vult</strong></span> <span class='ocrx_word' id='word_1_346' title='bbox 1181 1765 1342 1797; x_wconf 79' lang='lat' dir='ltr'><strong>affirmare</strong></span> <span class='ocrx_word' id='word_1_347' title='bbox 1356 1783 1401 1788; x_wconf 98' lang='lat'><strong>—</strong></span> <span class='ocrx_word' id='word_1_348' title='bbox 1414 1764 1472 1797; x_wconf 84' lang='lat' dir='ltr'><strong>sed</strong></span> 
     </span>
     <span class='ocr_line' id='line_1_32' title="bbox 157 1817 1470 1860; baseline 0.002 -12"><span class='ocrx_word' id='word_1_349' title='bbox 157 1819 194 1848; x_wconf 83' lang='lat' dir='ltr'><strong>ut</strong></span> <span class='ocrx_word' id='word_1_350' title='bbox 213 1827 288 1858; x_wconf 87' lang='lat' dir='ltr'><strong>pars</strong></span> <span class='ocrx_word' id='word_1_351' title='bbox 309 1819 341 1848; x_wconf 90' lang='lat' dir='ltr'><strong>et</strong></span> <span class='ocrx_word' id='word_1_352' title='bbox 360 1817 452 1858; x_wconf 83' lang='lat' dir='ltr'><strong>quasi</strong></span> <span class='ocrx_word' id='word_1_353' title='bbox 472 1819 569 1858; x_wconf 86' lang='lat' dir='ltr'><strong>caput</strong></span> <span class='ocrx_word' id='word_1_354' title='bbox 595 1817 674 1849; x_wconf 87' lang='lat' dir='ltr'><strong>artis</strong></span> <span class='ocrx_word' id='word_1_355' title='bbox 701 1817 910 1860; x_wconf 85' lang='lat' dir='ltr'><strong>significetur,</strong></span> <span class='ocrx_word' id='word_1_356' title='bbox 937 1829 1001 1859; x_wconf 90' lang='lat' dir='ltr'><strong>quo</strong></span> <span class='ocrx_word' id='word_1_357' title='bbox 1028 1817 1132 1856; x_wconf 76' lang='grc' dir='ltr'><em>λέξεις</em></span> <span class='ocrx_word' id='word_1_358' title='bbox 1156 1819 1242 1850; x_wconf 83' lang='grc' dir='ltr'><em>καθὸ</em></span> <span class='ocrx_word' id='word_1_359' title='bbox 1268 1818 1371 1857; x_wconf 79' lang='grc' dir='ltr'><em>λέξεις</em></span> <span class='ocrx_word' id='word_1_360' title='bbox 1388 1819 1470 1851; x_wconf 72' lang='lat' dir='ltr'><strong>trac-</strong></span> 
     </span>
     <span class='ocr_line' id='line_1_33' title="bbox 155 1870 1472 1913; baseline 0.002 -11"><span class='ocrx_word' id='word_1_361' title='bbox 155 1873 273 1911; x_wconf 86' lang='lat' dir='ltr'><strong>tentur,</strong></span> <span class='ocrx_word' id='word_1_362' title='bbox 292 1870 526 1913; x_wconf 85' lang='lat' dir='ltr'><strong>categoriarum</strong></span> <span class='ocrx_word' id='word_1_363' title='bbox 547 1871 645 1913; x_wconf 88' lang='lat' dir='ltr'><strong>capiti</strong></span> <span class='ocrx_word' id='word_1_364' title='bbox 665 1871 860 1912; x_wconf 85' lang='lat' dir='ltr'><strong>oppositum.</strong></span> <span class='ocrx_word' id='word_1_365' title='bbox 890 1871 1050 1909; x_wconf 84' lang='lat' dir='ltr'><strong>Quoniam</strong></span> <span class='ocrx_word' id='word_1_366' title='bbox 1069 1875 1176 1903; x_wconf 86' lang='lat' dir='ltr'><strong>autem</strong></span> <span class='ocrx_word' id='word_1_367' title='bbox 1194 1871 1290 1903; x_wconf 82' lang='lat' dir='ltr'><strong>verba</strong></span> <span class='ocrx_word' id='word_1_368' title='bbox 1308 1871 1384 1913; x_wconf 78' lang='grc' dir='ltr'><em>περὶ</em></span> <span class='ocrx_word' id='word_1_369' title='bbox 1403 1877 1472 1904; x_wconf 75' lang='grc' dir='ltr'><strong>τῶν</strong></span> 
     </span>
     <span class='ocr_line' id='line_1_34' title="bbox 154 1924 1472 1967; baseline 0.002 -11"><span class='ocrx_word' id='word_1_370' title='bbox 154 1929 214 1957; x_wconf 85' lang='grc' dir='ltr'><em>τοῦ</em></span> <span class='ocrx_word' id='word_1_371' title='bbox 235 1925 337 1965; x_wconf 72' lang='grc' dir='ltr'><em>λόγου</em></span> <span class='ocrx_word' id='word_1_372' title='bbox 353 1925 526 1966; x_wconf 82' lang='grc' dir='ltr'><em>στοιχείων</em></span> <span class='ocrx_word' id='word_1_373' title='bbox 541 1924 578 1956; x_wconf 91' lang='lat' dir='ltr'><strong>de</strong></span> <span class='ocrx_word' id='word_1_374' title='bbox 599 1927 798 1967; x_wconf 89' lang='lat' dir='ltr'><strong>argumento,</strong></span> <span class='ocrx_word' id='word_1_375' title='bbox 813 1935 879 1956; x_wconf 88' lang='lat' dir='ltr'><strong>non</strong></span> <span class='ocrx_word' id='word_1_376' title='bbox 894 1925 932 1956; x_wconf 91' lang='lat' dir='ltr'><strong>de</strong></span> <span class='ocrx_word' id='word_1_377' title='bbox 946 1925 1043 1957; x_wconf 84' lang='lat' dir='ltr'><strong>titulo</strong></span> <span class='ocrx_word' id='word_1_378' title='bbox 1059 1925 1248 1967; x_wconf 86' lang='lat' dir='ltr'><strong>explicanda</strong></span> <span class='ocrx_word' id='word_1_379' title='bbox 1263 1936 1331 1957; x_wconf 88' lang='lat' dir='ltr'><strong>esse</strong></span> <span class='ocrx_word' id='word_1_380' title='bbox 1346 1935 1472 1967; x_wconf 82' lang='lat' dir='ltr'><strong>censeo,</strong></span> 
     </span>
     <span class='ocr_line' id='line_1_35' title="bbox 155 1978 1472 2020; baseline 0.002 -11"><span class='ocrx_word' id='word_1_381' title='bbox 155 1978 252 2009; x_wconf 86' lang='lat' dir='ltr'><strong>etiam</strong></span> <span class='ocrx_word' id='word_1_382' title='bbox 267 1978 301 2009; x_wconf 91' lang='lat' dir='ltr'><strong>in</strong></span> <span class='ocrx_word' id='word_1_383' title='bbox 321 1978 528 2017; x_wconf 86' lang='lat' dir='ltr'><strong>sequentibus</strong></span> <span class='ocrx_word' id='word_1_384' title='bbox 547 1978 654 2009; x_wconf 80' lang='lat' dir='ltr'><strong>verbis</strong></span> <span class='ocrx_word' id='word_1_385' title='bbox 674 1979 759 2009; x_wconf 86' lang='lat' dir='ltr'><strong>malo</strong></span> <span class='ocrx_word' id='word_1_386' title='bbox 775 1989 847 2009; x_wconf 90' lang='lat' dir='ltr'><strong>cum</strong></span> <span class='ocrx_word' id='word_1_387' title='bbox 867 1978 1015 2020; x_wconf 89' lang='lat' dir='ltr'><strong>pluribus</strong></span> <span class='ocrx_word' id='word_1_388' title='bbox 1035 1978 1201 2010; x_wconf 87' lang='lat' dir='ltr'><strong>codicibus</strong></span> <span class='ocrx_word' id='word_1_389' title='bbox 1221 1979 1342 2020; x_wconf 78' lang='grc' dir='ltr'><em>οἱπερὶ</em></span> <span class='ocrx_word' id='word_1_390' title='bbox 1358 1978 1472 2012; x_wconf 82' lang='grc' dir='ltr'><em>αὐτῶν</em></span> 
     </span>
     <span class='ocr_line' id='line_1_36' title="bbox 154 2031 1470 2074; baseline 0.002 -12"><span class='ocrx_word' id='word_1_391' title='bbox 154 2032 357 2073; x_wconf 77' lang='grc' dir='ltr'><em>γεγραφότες</em></span> <span class='ocrx_word' id='word_1_392' title='bbox 376 2031 482 2073; x_wconf 87' lang='lat' dir='ltr'><strong>legere</strong></span> <span class='ocrx_word' id='word_1_393' title='bbox 502 2042 597 2072; x_wconf 83' lang='lat' dir='ltr'><strong>quam</strong></span> <span class='ocrx_word' id='word_1_394' title='bbox 618 2042 690 2063; x_wconf 90' lang='lat' dir='ltr'><strong>cum</strong></span> <span class='ocrx_word' id='word_1_395' title='bbox 710 2042 775 2063; x_wconf 91' lang='lat' dir='ltr'><strong>uno</strong></span> <span class='ocrx_word' id='word_1_396' title='bbox 795 2031 879 2063; x_wconf 90' lang='lat' dir='ltr'><strong>libro</strong></span> <span class='ocrx_word' id='word_1_397' title='bbox 899 2033 930 2063; x_wconf 88' lang='lat' dir='ltr'><strong>et</strong></span> <span class='ocrx_word' id='word_1_398' title='bbox 951 2031 1128 2063; x_wconf 87' lang='lat' dir='ltr'><strong>editoribus</strong></span> <span class='ocrx_word' id='word_1_399' title='bbox 1148 2032 1180 2064; x_wconf 77' lang='grc' dir='ltr'><em>οἱ</em></span> <span class='ocrx_word' id='word_1_400' title='bbox 1199 2031 1275 2074; x_wconf 81' lang='grc' dir='ltr'><em>περὶ</em></span> <span class='ocrx_word' id='word_1_401' title='bbox 1295 2033 1399 2066; x_wconf 80' lang='grc' dir='ltr'><em>αὐτὸν</em></span> <span class='ocrx_word' id='word_1_402' title='bbox 1417 2044 1470 2074; x_wconf 79' lang='grc' dir='ltr'><strong>γε·</strong></span> 
     </span>
    </p>
   </div>
   <div class='ocr_carea' id='block_1_5' title="bbox 157 2083 364 2127">
    <p class='ocr_par' dir='ltr' id='par_1_5' title="bbox 157 2083 364 2127">
     <span class='ocr_line' id='line_1_37' title="bbox 157 2083 364 2127; baseline 0 -11"><span class='ocrx_word' id='word_1_403' title='bbox 157 2085 332 2127; x_wconf 76' lang='grc' dir='ltr'><em>γραφότες.</em></span> <span class='ocrx_word' id='word_1_404' title='bbox 339 2083 364 2127; x_wconf 79' lang='grc'><strong>2)</strong></span> 
     </span>
    </p>
   </div>
   <div class='ocr_carea' id='block_1_6' title="bbox 205 2153 369 2155">
    <p class='ocr_par' dir='ltr' id='par_1_6' title="bbox 205 2153 369 2155">
     <span class='ocr_line' id='line_1_38' title="bbox 205 2153 369 2155; baseline 0 0"><span class='ocrx_word' id='word_1_405' title='bbox 205 2153 369 2155; x_wconf 95' lang='lat' dir='ltr'><strong> </strong></span> 
     </span>
    </p>
   </div>
   <div class='ocr_carea' id='block_1_7' title="bbox 154 2186 1471 2342">
    <p class='ocr_par' dir='ltr' id='par_1_7' title="bbox 154 2186 1471 2301">
     <span class='ocr_line' id='line_1_39' title="bbox 245 2186 1471 2220; baseline 0.002 -8"><span class='ocrx_word' id='word_1_406' title='bbox 245 2187 270 2219; x_wconf 89' lang='grc'><strong>1)</strong></span> <span class='ocrx_word' id='word_1_407' title='bbox 290 2186 490 2213; x_wconf 68' lang='lat' dir='ltr'><strong>Adnotandum</strong></span> <span class='ocrx_word' id='word_1_408' title='bbox 515 2187 557 2212; x_wconf 84' lang='lat' dir='ltr'><strong>est</strong></span> <span class='ocrx_word' id='word_1_409' title='bbox 581 2187 679 2220; x_wconf 84' lang='lat' dir='ltr'><strong>aperta</strong></span> <span class='ocrx_word' id='word_1_410' title='bbox 699 2186 819 2220; x_wconf 76' lang='lat' dir='ltr'><strong>vestigia</strong></span> <span class='ocrx_word' id='word_1_411' title='bbox 838 2186 1047 2220; x_wconf 70' lang='lat' dir='ltr'><strong>Porphyrianae</strong></span> <span class='ocrx_word' id='word_1_412' title='bbox 1071 2187 1189 2214; x_wconf 83' lang='lat' dir='ltr'><strong>rationis</strong></span> <span class='ocrx_word' id='word_1_413' title='bbox 1213 2187 1285 2214; x_wconf 78' lang='grc' dir='ltr'><em>κατὰ</em></span> <span class='ocrx_word' id='word_1_414' title='bbox 1303 2191 1403 2215; x_wconf 81' lang='grc' dir='ltr'><em>πεῦσιν</em></span> <span class='ocrx_word' id='word_1_415' title='bbox 1421 2187 1471 2214; x_wconf 67' lang='grc' dir='ltr'><strong>καὶ</strong></span> 
     </span>
     <span class='ocr_line' id='line_1_40' title="bbox 154 2225 1470 2260; baseline 0.002 -8"><span class='ocrx_word' id='word_1_416' title='bbox 154 2225 304 2259; x_wconf 81' lang='grc' dir='ltr'><em>ἀπόκρισιν</em></span> <span class='ocrx_word' id='word_1_417' title='bbox 327 2226 356 2252; x_wconf 88' lang='lat' dir='ltr'><strong>in</strong></span> <span class='ocrx_word' id='word_1_418' title='bbox 382 2226 521 2260; x_wconf 85' lang='lat' dir='ltr'><strong>Simplicii</strong></span> <span class='ocrx_word' id='word_1_419' title='bbox 540 2226 631 2253; x_wconf 78' lang='lat' dir='ltr'><strong>verbis</strong></span> <span class='ocrx_word' id='word_1_420' title='bbox 655 2226 837 2260; x_wconf 78' lang='lat' dir='ltr'><strong>deprehendi.</strong></span> <span class='ocrx_word' id='word_1_421' title='bbox 872 2226 915 2252; x_wconf 79' lang='lat' dir='ltr'><strong>lta</strong></span> <span class='ocrx_word' id='word_1_422' title='bbox 934 2226 1008 2252; x_wconf 89' lang='lat' dir='ltr'><strong>enim</strong></span> <span class='ocrx_word' id='word_1_423' title='bbox 1033 2226 1092 2253; x_wconf 83' lang='lat' dir='ltr'><strong>eius</strong></span> <span class='ocrx_word' id='word_1_424' title='bbox 1117 2227 1296 2260; x_wconf 81' lang='lat' dir='ltr'><strong>quaestiones</strong></span> <span class='ocrx_word' id='word_1_425' title='bbox 1319 2227 1470 2254; x_wconf 64' lang='lat' dir='ltr'><strong>continuae</strong></span> 
     </span>
     <span class='ocr_line' id='line_1_41' title="bbox 154 2264 1206 2301; baseline 0.002 -9"><span class='ocrx_word' id='word_1_426' title='bbox 154 2266 338 2301; x_wconf 82' lang='lat' dir='ltr'><strong>explicandae</strong></span> <span class='ocrx_word' id='word_1_427' title='bbox 359 2267 432 2293; x_wconf 85' lang='lat' dir='ltr'><strong>sunt.</strong></span> <span class='ocrx_word' id='word_1_428' title='bbox 461 2266 569 2293; x_wconf 85' lang='lat' dir='ltr'><strong>Primae</strong></span> <span class='ocrx_word' id='word_1_429' title='bbox 589 2266 748 2300; x_wconf 83' lang='lat' dir='ltr'><strong>quaestioni</strong></span> <span class='ocrx_word' id='word_1_430' title='bbox 767 2266 853 2292; x_wconf 75' lang='lat' dir='ltr'><strong>etium</strong></span> <span class='ocrx_word' id='word_1_431' title='bbox 873 2264 1020 2299; x_wconf 77' lang='grc' dir='ltr'><em>ἀπόκρισις</em></span> <span class='ocrx_word' id='word_1_432' title='bbox 1038 2267 1138 2293; x_wconf 74' lang='lat' dir='ltr'><strong>addita.</strong></span> <span class='ocrx_word' id='word_1_433' title='bbox 1157 2269 1206 2294; x_wconf 75' lang='lat' dir='ltr'><strong>est.</strong></span> 
     </span>
    </p>

    <p class='ocr_par' dir='ltr' id='par_1_8' title="bbox 244 2306 1468 2342">
     <span class='ocr_line' id='line_1_42' title="bbox 244 2306 1468 2342; baseline 0.002 -9"><span class='ocrx_word' id='word_1_434' title='bbox 244 2308 270 2341; x_wconf 82' lang='lat'><strong>2)</strong></span> <span class='ocrx_word' id='word_1_435' title='bbox 291 2307 361 2340; x_wconf 78' lang='grc' dir='ltr'><em>Περὶ</em></span> <span class='ocrx_word' id='word_1_436' title='bbox 377 2307 470 2334; x_wconf 84' lang='grc' dir='ltr'><em>αὐτῶν</em></span> <span class='ocrx_word' id='word_1_437' title='bbox 489 2307 573 2333; x_wconf 83' lang='lat' dir='ltr'><strong>lectio</strong></span> <span class='ocrx_word' id='word_1_438' title='bbox 594 2307 759 2341; x_wconf 83' lang='lat' dir='ltr'><strong>gravissimo</strong></span> <span class='ocrx_word' id='word_1_439' title='bbox 780 2306 907 2333; x_wconf 89' lang='lat' dir='ltr'><strong>codicum</strong></span> <span class='ocrx_word' id='word_1_440' title='bbox 927 2315 1030 2341; x_wconf 86' lang='lat' dir='ltr'><strong>genere</strong></span> <span class='ocrx_word' id='word_1_441' title='bbox 1050 2307 1221 2334; x_wconf 83' lang='lat' dir='ltr'><strong>diversorum</strong></span> <span class='ocrx_word' id='word_1_442' title='bbox 1246 2308 1276 2342; x_wconf 89' lang='lat'><strong>(1.</strong></span> <span class='ocrx_word' id='word_1_443' title='bbox 1291 2308 1323 2335; x_wconf 89' lang='lat' dir='ltr'><strong>K.</strong></span> <span class='ocrx_word' id='word_1_444' title='bbox 1339 2309 1372 2335; x_wconf 77' lang='lat' dir='ltr'><strong>A.</strong></span> <span class='ocrx_word' id='word_1_445' title='bbox 1392 2307 1468 2342; x_wconf 75' lang='lat' dir='ltr'><strong>apud</strong></span> 
     </span>
    </p>
   </div>
  </div>
 </body>
</html>
