1566 2592
480 134 521 160 De
539 133 708 160 narrationis
727 132 890 159 virtutibus.
1302 130 1346 160 45

37 220 176 261 Reliqua
194 218 380 250 dividuntur
400 217 434 248 in
454 215 628 257 πράγματα
650 216 683 246 et
704 214 857 254 ὀνόματα.
893 212 955 244 Sed
977 214 1138 253 συντομία
1160 212 1228 243 sine
1256 222 1347 252 prae-

35 273 139 314 ceptis
172 271 362 304 absolvitur:
395 270 566 310 συντόμως
599 267 650 308 δέ,
679 266 737 299 ἐὰν
770 266 833 298 ἀπὸ
867 271 934 297 τῶν
966 266 1167 307 πραγμάτων
1197 264 1251 296 καὶ
1279 270 1347 296 τῶν

36 324 210 368 ὀνομάτων
236 329 458 365 περιαιρῶμεν
480 322 520 353 τὰ
543 322 588 363 μὴ
611 321 774 361 ἀναγκαῖα
803 319 950 361 ῥηθῆναι
973 323 1076 350 ταῦτα
1095 319 1180 359 μόνα
1199 318 1346 350 καταλεί-

36 389 170 419 ποντες,
196 375 244 410 ὧν
269 375 523 417 ἀφαιρεθέντων]
549 374 679 416 ἀσαφὴς
704 372 796 405 ἔσται
824 373 841 404 ὁ
869 374 975 413 λόγος.
1009 372 1154 403 Brevitas
1181 371 1283 413 igitur
1308 371 1346 402 ad

38 430 298 474 perspicuitatem
317 429 466 461 defertur.
494 427 532 459 In
552 438 588 459 ea
607 428 676 459 sola
697 427 990 458 commemorantur
1014 426 1141 467 singula
1165 426 1347 466 praecepta:

39 485 103 517 ἀπὸ
127 482 163 516 δὲ
186 489 253 515 τῶν
276 483 448 523 ὀνομάτων
472 481 553 524 (scil.
574 485 688 522 σαφῶς
706 477 873 522 ἐροῦμεν),
898 478 955 510 ἐὰν
975 478 1026 510 ὅτι
1049 479 1190 519 μάλιστα
1209 482 1277 515 τοῖς
1301 478 1348 508 οἰ-

37 539 139 575 κείοις
157 541 223 568 τῶν
241 535 442 577 πραγμάτων
461 535 601 575 ὀνόμασι
617 534 673 571 τὰς
687 533 820 575 προέξεις
834 532 1136 574 προσαγορεύωμεν
1152 530 1271 573 (οἰκεῖα
1286 530 1347 562 hoc

38 591 109 623 loco
128 590 227 631 κύρια
246 587 305 630 ἔπη
326 591 415 629 sunt,
438 599 503 619 non
525 589 563 619 ut
585 597 738 628 persaepe
761 584 944 628 πρέποντα)
968 584 1021 617 καὶ
1046 584 1103 616 ἐὰν
1125 590 1193 622 τοῖς
1212 590 1348 623 κοινοῖς,

37 643 92 675 καὶ
110 643 154 684 μὴ
177 642 369 683 ὑπερβατῶς
393 641 476 673 αὐτὰ
499 644 661 681 τιθῶμεν,
685 637 755 672 ἀλλ’
779 638 829 671 ἀεὶ
853 639 892 670 τὰ
916 638 1054 680 ἐχόμενα
1078 637 1150 678 ἑξῆς
1173 637 1348 677 τάττωμεν.

39 695 128 728 Haec
146 696 229 728 ratio
249 695 457 737 intellegitur,
477 695 504 726 si
524 694 728 732 conferimus,
750 703 830 734 quae
850 692 884 723 in
902 694 992 734 parte
1012 690 1203 723 elocutionis
1223 690 1348 722 dixerit.

41 749 154 790 Neque
173 749 210 780 τὸ
229 748 378 780 πιθανόν
397 758 499 788 neque
517 747 555 778 τὸ
575 747 742 787 σύντομον
761 746 847 787 apud
861 745 1093 777 Anaximenem
1114 743 1229 782 λέξεως
1249 742 1350 785 quali-

38 805 89 834 tas
105 803 266 834 statuitur.
286 801 417 832 Praeter
431 800 510 832 illud
526 801 573 838 εἰς
588 801 649 832 δύο
665 799 858 841 ἑρμηνεύειν
873 799 976 830 solum
991 799 1028 830 τὸ
1044 803 1158 840 σαφῶς
1174 796 1283 838 λέγειν
1297 808 1351 838 ap-

38 857 139 897 paret.
159 854 266 896 Atque
282 854 466 886 summatim
478 853 511 885 in
525 854 709 885 narratione
719 852 845 894 repetit,
856 863 937 893 quae
949 852 1016 884 illic
1026 850 1185 893 exposuit.
1206 849 1281 892 Cap.
1293 850 1350 881 25:

38 914 173 949 πρῶτον
195 906 257 949 μὲν
280 905 342 939 οὖν
365 907 502 948 ὀνόμαζε
525 911 594 944 τοῖς
618 908 752 943 οἰκείοις
776 906 937 947 ὀνόμασι.
954 930 961 937 .
976 930 982 936 .
999 929 1006 936 .
1021 906 1136 936 σκόπει
1156 902 1193 935 δὲ
1212 903 1266 935 καὶ
1290 904 1351 944 τὴν

39 961 203 993 σύνθεσιν
222 966 288 993 τῶν
307 960 490 1002 ὀνομάτων,
510 960 597 997 ὅπως
615 961 694 1001 μήτε
715 958 942 1000 συγκεχυμένη
962 957 1041 1000 μήθ’
1061 958 1229 999 ὑπερβατὴ
1245 955 1350 989 ἔσται·

40 1015 81 1046 τὰ
99 1015 162 1055 γὰρ
182 1013 268 1046 οὕτω
288 1014 448 1055 λεγόμενα
467 1013 664 1054 δύσγνωστα
684 1013 868 1054 συμβαίνει.

130 1066 283 1109 Apparet,
302 1078 383 1109 quae
397 1066 479 1098 ratio
495 1066 680 1097 intercedat.
710 1065 789 1097 Cum
805 1066 838 1096 in
854 1065 1044 1104 elocutione,
1064 1064 1225 1105 quomodo
1242 1065 1351 1105 aperte

41 1121 178 1160 dicatur,
198 1120 391 1161 explicatum
411 1120 468 1160 sit,
487 1119 629 1150 narratio
650 1121 770 1159 autem,
790 1120 827 1149 ut
846 1120 957 1159 aperta
976 1118 1033 1159 sit,
1052 1118 1243 1159 postuletur,
1262 1127 1352 1158 repe-

41 1175 154 1206 tuntur
173 1184 218 1214 ea,
238 1183 318 1214 quae
337 1173 376 1204 ad
397 1172 485 1211 λέξιν
507 1172 679 1214 pertinent.
708 1171 795 1209 Quae
819 1171 913 1203 initio
938 1182 987 1203 res
1011 1172 1139 1202 tantum
1164 1170 1352 1211 complecte-

41 1227 137 1259 batur
165 1227 347 1268 διηγήσεως
374 1227 550 1267 σαφήνεια,
584 1225 736 1266 bipertita
764 1227 812 1257 est
841 1225 874 1256 in
902 1224 1076 1266 πράγματα
1104 1225 1135 1255 et
1164 1222 1351 1265 ὀνόματα.1)

41 1281 213 1320 ,Συντομία
231 1281 352 1321 autem,
372 1290 452 1320 quae
472 1279 511 1310 ab
531 1278 730 1310 Anaximene
748 1279 783 1310 in
802 1278 982 1310 elocutione
1002 1277 1176 1319 omittitur,
1203 1277 1299 1309 etiam
1319 1277 1353 1308 in

41 1334 234 1374 narratione,
253 1333 314 1364 etsi
333 1334 626 1364 commemorantur
645 1332 800 1372 ὀνόματα,
819 1331 999 1373 praeceptis
1021 1331 1060 1362 ad
1076 1331 1173 1363 verba
1191 1331 1352 1372 pertinen-

41 1386 129 1418 tibus
150 1388 253 1427 caret3
272 1386 375 1428 magis
395 1386 491 1417 etiam
510 1387 705 1426 πιθανότης,
727 1396 808 1426 quae
828 1386 912 1416 solas
932 1385 971 1416 ad
990 1395 1040 1416 res
1059 1386 1190 1426 spectat.

130 1439 241 1481 Magni
260 1439 415 1479 momenti
435 1441 483 1470 est
496 1437 729 1470 Anaximenem
745 1440 781 1469 ut
799 1438 832 1469 in
853 1438 1041 1478 elocutione,
1061 1438 1106 1469 sic
1121 1438 1154 1468 in
1168 1437 1352 1469 narratione

42 1502 160 1524 nomen
184 1491 322 1533 ἀρετῆς
346 1491 472 1524 evitare.
500 1491 621 1522 Eadem
645 1492 770 1523 ratione
789 1491 923 1532 Fabius,
949 1490 1256 1523 ubi'Isocrateorum
1282 1501 1353 1522 sen-

44 1545 179 1577 tentiam
198 1545 300 1585 affert,
318 1545 380 1576 hoc
399 1556 525 1586 nomen,
545 1556 607 1586 quo
628 1545 749 1586 alioqui
768 1545 882 1585 utitur,
899 1544 1003 1576 noluit
1023 1544 1188 1585 adhibere3
1208 1554 1280 1575 cum
1300 1555 1353 1575 au-

43 1601 110 1630 tem
130 1598 212 1630 idem
228 1597 385 1630 Isocrates
404 1609 507 1639 neque
527 1597 641 1636 λέξεως
661 1598 802 1639 ἀρετήν
821 1600 878 1629 aut
897 1598 1034 1639 ἀρετάς
1055 1598 1233 1629 instituisse
1249 1597 1353 1628 videa-

43 1654 110 1692 tur,
134 1651 278 1683 conicere
302 1651 377 1683 licet
400 1662 472 1683 eum
497 1662 624 1693 quoque
643 1651 772 1683 nomine
793 1651 908 1692 ἀρετῆς
927 1652 960 1683 in
980 1651 1162 1683 narratione
1182 1652 1218 1682 ut
1237 1651 1271 1682 in
1290 1652 1352 1682 elo-

43 1705 173 1737 cutione
193 1716 226 1737 se
245 1705 448 1736 abstinuisse.

38 1758 46 1766 ’
134 1757 324 1790 Coniunctio
353 1758 437 1789 inter
465 1759 677 1790 elocutionem
705 1761 737 1789 et
765 1759 979 1790 narrationem
1008 1758 1111 1789 maior
1140 1769 1235 1799 quam
1269 1758 1352 1799 apud

43 1810 217 1844 Isocratem
245 1813 277 1843 et
302 1811 533 1843 Anaximenem
563 1812 646 1843 facta
673 1813 721 1843 est
746 1812 778 1843 in
806 1811 1006 1843 Theodectea
1031 1813 1109 1842 arte.
1145 1810 1239 1853 „Non
1268 1812 1353 1843 enim

45 1865 249 1907 magnificam
268 1865 363 1896 modo
383 1864 453 1896 vult
472 1875 540 1895 esse
555 1863 780 1906 (Theodectes)
801 1864 855 1896 sed
874 1864 971 1895 etiam
991 1864 1161 1895 iucundam
1181 1864 1354 1905 expositio-

45 1917 137 1948 nem“
152 1916 299 1960 (Quintil.
315 1916 361 1949 IV
377 1917 406 1958 2,
422 1917 488 1960 63).
517 1916 585 1949 Iam
600 1917 817 1955 Quintilianus
831 1917 923 1957 vidit,
939 1917 1024 1958 quod
1039 1916 1214 1948 Theodecti
1229 1917 1355 1958 obiecit,

46 1980 85 2001 ex
111 1970 300 2002 elocutionis
326 1971 444 2002 finibus
471 1982 523 2003 eas
550 1971 722 2012 qualitates
749 1971 934 2012 desumptas
958 1981 1026 2002 esse
1050 1981 1153 2012 neque
1179 1971 1355 2002 narrationi

48 2023 104 2054 uni
124 2033 192 2054 esse
210 2023 365 2065 proprias,
384 2024 439 2055 sed
459 2025 547 2056 omni
567 2025 706 2055 orationi
725 2026 757 2056 et
777 2024 926 2056 omnib'us
946 2025 1013 2055 eius
1034 2024 1187 2065 partibus.
1196 2023 1221 2066 ²)
1255 2024 1355 2056 Theo-

121 2138 146 2171 1)
165 2137 196 2163 In
216 2145 250 2163 ea
268 2137 376 2164 ratione
395 2142 497 2172 τεχνῶν
517 2137 680 2172 ῥητορικῶν,
699 2147 771 2171 quae
790 2147 900 2165 omnem
920 2140 1007 2164 artem
1027 2139 1055 2164 in
1076 2138 1203 2172 partibus
1221 2138 1356 2164 orationis

48 2175 127 2211 (μέρη
147 2181 196 2203 τοῦ
214 2177 308 2211 λόγου)
328 2177 475 2204 collocavit
494 2186 584 2211 neque
603 2178 699 2210 λέξεως
717 2179 861 2212 proprium
881 2179 966 2212 caput
984 2178 1131 2211 tractavit,
1155 2178 1237 2204 facile
1262 2178 1356 2209 fiebat,

48 2217 80 2242 ut
98 2218 250 2250 praecepta
268 2216 401 2250 loquendi
419 2218 449 2243 in
467 2219 560 2251 partes
580 2218 714 2244 orationis
734 2218 928 2244 insererentur.

138 2258 164 2291 2)
185 2256 300 2288 Quintil.
315 2256 352 2282 IV
364 2259 388 2289 2,
400 2259 445 2283 63:
465 2257 535 2290 „Illa
550 2266 660 2291 quoque
674 2259 706 2284 ut
725 2258 879 2284 narrationi
898 2260 974 2291 apta,
990 2258 1030 2284 ita
1046 2258 1144 2284 ceteris
1164 2266 1275 2291 quoque
1294 2267 1356 2292 par-

47 2295 124 2322 tibus
143 2297 296 2322 communis
317 2297 359 2322 est
378 2296 478 2329 virtus,
503 2306 587 2331 quam
607 2297 779 2324 Theodectes
799 2297 864 2323 huic
883 2298 931 2323 uni
953 2298 1063 2332 proprie
1088 2298 1178 2324 dedit:
1203 2306 1257 2324 non
1282 2298 1355 2324 enim
