1566 2592
230 144 272 176 52
812 144 905 180 Caput
921 145 968 172 IV.

228 226 289 258 bus
317 227 501 268 διηγήσεως
526 226 618 268 dicit,
646 237 751 268 neque
782 227 860 259 satis
889 227 989 260 habet
1009 228 1094 260 facta
1120 228 1218 260 verba
1243 230 1275 260 et
1300 229 1396 271 longe
1427 229 1546 262 tralata

229 282 261 312 et
287 279 391 311 aliena
416 279 656 322 perspicuitatis
683 290 777 312 causa
802 280 934 322 reicere,
959 280 1015 313 sed
1041 281 1138 313 etiam
1163 281 1416 324 unumquodque
1441 293 1545 325 genus

229 333 410 365 definiendo
430 333 570 375 explicat
589 335 622 365 et
641 333 798 375 exemplis
817 334 972 376 iHustrat,
997 335 1082 376 quod
1105 335 1145 367 ad
1169 334 1306 374 λέξεως
1329 337 1453 377 partem
1474 346 1543 378 per-

227 387 316 418 tinet.
345 386 469 419 Deinde
487 387 521 419 in
535 387 703 419 brevitatis
718 387 846 430 virtute,
866 388 1018 429 quoniam
1033 388 1143 420 eadem
1158 388 1224 420 fere
1238 400 1356 432 genera
1370 389 1542 423 verborum

227 440 434 482 adhibentur,
456 441 554 482 paulo
574 439 704 472 brevius
725 440 883 483 disputat,
907 441 962 473 sed
980 452 1047 473 non
1065 442 1219 483 praeterit
1237 442 1431 475 elocutionis
1454 453 1544 485 prae-

227 496 329 535 cepta.
358 493 467 535 Atque
485 504 544 526 nos
564 494 632 526 eius
652 494 782 526 virtutis
801 497 972 536 praecepta
990 495 1030 526 ad
1049 495 1215 528 dicendum
1234 498 1346 537 parata
1364 506 1429 528 non
1447 495 1543 528 habe-

226 559 297 579 mus
315 548 379 580 nisi
398 547 483 589 apud
503 547 667 579 Theonem
687 550 720 579 et
738 547 947 589 Anonymum
967 547 1246 592 Seguerianum¹),
1267 559 1363 591 quae,
1384 560 1457 582 cum
1477 549 1542 582 his-

226 601 342 632 toriam
368 600 547 640 συντομίας
571 599 709 638 λέξεως
735 600 1056 642 consideraverimus,
1081 602 1122 634 ad
1142 601 1268 634 Stoicos
1292 602 1474 636 inventores
1494 603 1542 636 iu„

225 655 416 696 tellegemus
435 653 602 686 referenda
621 665 698 685 esse.
727 653 811 686 Nam
833 653 935 686 Stoici
955 655 1050 696 primi
1069 655 1246 687 docuerunt
1265 657 1448 697 συντομίαν
1470 667 1540 690 esse

225 707 362 746 λέξεως
382 707 511 749 ἀρετήν.

315 770 434 802 Omnes
457 771 617 812 rhetores,
641 771 696 812 qui
721 770 914 802 elocutionis
937 773 1107 812 praecepta
1130 772 1163 803 in
1187 771 1381 804 narrationis
1403 773 1540 806 virtutes

224 826 399 863 traxerunt,
420 824 599 856 concedunt
619 824 753 856 alteram
773 826 898 866 partem
917 825 996 856 artis
1015 825 1148 857 alterius
1163 826 1197 857 in
1211 825 1291 857 fines
1311 825 1475 858 incursare
1487 837 1539 859 ve-

224 877 283 910 luti
299 877 477 919 Dionysius
492 877 532 909 H.
548 877 586 909 de
601 877 768 910 Demosth.
785 889 809 910 c.
825 878 869 910 34
883 890 913 920 p.
931 878 1062 920 1062R,
1076 878 1264 910 Theodorus
1279 879 1363 921 apud
1377 878 1538 922 Anonym.

209 972 211 974 v
224 930 295 974 Seg.
308 931 372 964 103
387 930 439 973 (1²,
449 931 516 963 370
527 930 660 974 Sp.-H.),
676 930 786 963 Cicero
802 931 840 964 de
854 931 947 963 Inv.I
963 932 1015 974 29,
1030 931 1115 964 Part.
1126 931 1213 964 Orat.
1224 932 1277 973 31,
1291 931 1339 965 De
1349 931 1539 976 Or.1183²)‚

223 983 357 1022 Quintil.
372 984 419 1017 IV
434 985 464 1026 2,
479 985 530 1017 62.
559 985 680 1017 Mixtae
700 987 807 1016 autem
827 985 886 1017 hae
906 987 982 1017 sunt
1000 987 1117 1027 partes,
1127 996 1209 1021 >cum
1229 985 1310 1018 duae
1333 986 1474 1019 rationes
1493 985 1539 1020 di-

222 1038 378 1071 videndae
397 1039 476 1071 artis
495 1038 673 1071 rhetoricae
691 1038 971 1071 confunderentur.
1000 1038 1123 1071 Notum
1139 1041 1188 1072 est
1202 1039 1339 1080 priscam
1354 1039 1454 1072 fuisse
1467 1050 1539 1072 eam

164 1096 179 1115 ὗ
222 1093 395 1134 rationem,
415 1103 496 1134 quae
516 1093 550 1124 in
570 1092 726 1124 orationis
746 1094 854 1134 partes
875 1091 970 1134 (μέρη
989 1097 1049 1124 τοῦ
1069 1091 1187 1135 λόγου)
1208 1104 1334 1124 omnem
1355 1095 1457 1126 artem
1476 1093 1538 1126 dis—

221 1146 392 1178 tribuebat.
411 1145 450 1177 In
469 1147 506 1178 iis
527 1146 590 1178 iam
610 1145 735 1177 artibus
755 1146 984 1188 exponebatur,
1003 1146 1081 1187 quid
1100 1147 1251 1188 διήγησις
1269 1146 1387 1178 habere
1406 1146 1538 1179 deberet

222 1200 294 1241 ipso
319 1200 448 1241 quidem
467 1200 599 1232 nomine
618 1200 782 1240 virtutum,
806 1201 843 1231 ut
861 1199 1002 1241 videtur,
1025 1199 1168 1231 nondum
1191 1202 1385 1242 nuncupata
1413 1199 1537 1233 Deinde

150 1269 165 1282 >
221 1255 328 1285 autem
347 1253 381 1284 in
400 1255 466 1285 tres
485 1255 594 1295 partes
615 1253 719 1285 omnis
739 1264 790 1285 ars
811 1252 913 1285 divisa
937 1255 998 1285 est:
1028 1253 1162 1294 εὕρεσιν
1180 1253 1272 1292 τάξιν
1291 1253 1396 1294 λέξιν,
1419 1254 1538 1296 quibus

220 1307 309 1339 brevi
333 1309 409 1349 post
433 1307 567 1339 accessit
590 1307 779 1348 ὑπόκρισις,
803 1308 965 1348 postremo
989 1308 1109 1348 μνήμη.
1137 1306 1175 1338 In
1199 1318 1282 1338 nova
1302 1306 1422 1346 τάξεως
1445 1310 1537 1350 parte

220 1361 355 1402 antiqua
373 1360 455 1402 μέρη
474 1365 534 1393 τοῦ
555 1362 657 1401 λόγου
677 1360 919 1392 collocabantur
934 1359 1046 1392 multis
1062 1359 1190 1401 quidem
1208 1361 1386 1402 praeceptis
1400 1361 1537 1404 privata,

220 1425 301 1456 quae
322 1414 354 1445 in
373 1425 474 1446 novas
492 1416 601 1456 partes
621 1414 817 1446 inventionis
837 1415 869 1445 et
889 1413 1081 1446 elocutionis
1101 1413 1299 1455 disponenda
1317 1416 1416 1447 erant.
1450 1413 1536 1447 Fieri

220 1467 283 1499 iam
303 1470 441 1509 poterat,
460 1470 496 1500 ut
514 1468 599 1500 idem
620 1470 716 1509 caput
736 1467 861 1499 duobus
880 1468 961 1499 locis
980 1470 1208 1509 exponeretur,
1226 1467 1316 1499 velut
1335 1466 1537 1510 Aristoteles,

219 1526 256 1552 ut
279 1521 462 1563 exemplum
486 1522 630 1563 afferam,
653 1523 779 1559 πίστεις
802 1523 834 1553 et
857 1522 891 1552 in
915 1521 1100 1553 inventione
1120 1522 1152 1552 et
1171 1521 1205 1552 in
1223 1520 1343 1559 τάξεως
1361 1522 1452 1563 parte
1474 1521 1534 1555 sub

219 1574 509 1617 argumentationis
525 1575 628 1616 capite
642 1575 801 1607 tractavit.
830 1573 880 1606 Ita
895 1575 975 1606 certi
989 1575 1079 1615 fines,
1094 1574 1211 1616 quibus
1226 1574 1409 1616 διηγήσεως
1423 1574 1539 1618 ἀρεταί

219 1627 252 1659 in
272 1627 391 1666 τάξεως
410 1630 501 1670 parte
521 1628 701 1670 explicatae
725 1628 953 1660 dirimerentur
977 1627 1017 1659 ab
1042 1627 1233 1659 elocutionis
1256 1627 1447 1670 virtutibus,
1468 1639 1535 1661 non

219 1681 474 1713 observabantur
491 1682 554 1713 nisi
574 1681 614 1713 ab
634 1682 673 1713 iis
692 1681 888 1723 auctoribus,
908 1681 995 1723 apud
1011 1692 1093 1723 quos
1108 1682 1196 1723 ipsae
1212 1681 1347 1713 virtutes
1361 1681 1534 1715 dissimiles

219 1737 320 1776 erant,
338 1737 375 1766 ut
394 1735 586 1767 Aristoteles
607 1736 792 1776 σαφήνειαν
812 1735 846 1766 in
866 1734 1056 1775 elocutione,
1075 1735 1109 1766 in
1127 1735 1310 1766 narratione
1328 1735 1535 1777 πιθανότητα

219 1788 324 1830 docet,
350 1791 387 1820 ut
410 1788 626 1821 Anaximenes
651 1789 713 1820 tria
737 1788 867 1830 quidem
890 1788 1042 1820 narrandi
1061 1789 1233 1830 praecepta
1250 1788 1371 1820 usitata
1393 1787 1534 1828 exhibet,

217 1841 272 1874 sed
301 1841 492 1874 elocutionis
519 1842 751 1884 perspicuitate
777 1843 947 1874 contentus
975 1844 1031 1874 est.
1073 1841 1201 1879 Quanta
1227 1851 1303 1874 vero
1332 1843 1406 1883 post
1432 1840 1535 1875 Theo-

217 1895 385 1936 phrastum
405 1898 437 1927 et
457 1895 584 1928 Stoicos
603 1895 702 1928 fuerit
722 1895 891 1937 utriusque
914 1895 1016 1937 partis
1035 1895 1192 1935 affinitas,
1216 1893 1455 1927 demonstratur
1473 1894 1535 1927 hac

216 1949 343 1981 tabula:

309 2048 334 2080 l)
355 2046 463 2079 OEcero,
487 2046 535 2080 qui
555 2046 584 2072 in
604 2046 678 2072 Part.
699 2045 775 2073 Orat.
795 2044 949 2080 συντομίαν
969 2045 1052 2072 docet
1071 2044 1167 2077 λέξεως
1188 2053 1248 2071 esse
1268 2045 1412 2078 virtutem,
1436 2046 1532 2072 tamen

217 2088 369 2120 praecepta
388 2085 467 2112 nulla
486 2086 543 2112 fere
564 2085 644 2112 affert
663 2086 748 2120 (Part.
764 2085 809 2113 Or.
826 2087 879 2120 19).

307 2128 333 2160 2)
353 2126 555 2153 Adnotandum
579 2128 623 2152 est
645 2127 720 2153 hunc
743 2126 836 2152 locum
860 2134 923 2152 cum
942 2125 1018 2152 Tulli
1042 2125 1131 2159 ipsius
1155 2125 1264 2151 ratione
1289 2133 1344 2152 non
1363 2125 1448 2160 plane
1466 2134 1532 2152 eon-

217 2166 329 2193 sentire.
357 2167 389 2193 In
412 2166 582 2193 narrationis
606 2166 680 2193 enim
699 2166 793 2200 cupite
812 2165 847 2200 (11
867 2167 929 2197 329)
948 2166 1079 2200 explicat,
1099 2173 1148 2191 cur
1167 2165 1354 2199 perspicuitas
1372 2165 1483 2199 proprie
1501 2164 1531 2192 in

216 2208 378 2234 narratione
397 2208 543 2239 tractetur,
562 2209 591 2233 et
610 2206 782 2241 argumentis
802 2215 865 2233 eam
884 2205 1098 2240 dispositionem
1119 2205 1255 2231 defendit.
