<?xml version="1.0" encoding="UTF-8"?>
<!DOCTYPE html PUBLIC "-//W3C//DTD XHTML 1.0 Transitional//EN"
    "http://www.w3.org/TR/xhtml1/DTD/xhtml1-transitional.dtd">
<html xmlns="http://www.w3.org/1999/xhtml" xml:lang="en" lang="en">
 <head>
  <title>
</title>
<meta http-equiv="Content-Type" content="text/html;charset=utf-8" />
  <meta name='ocr-system' content='tesseract 3.04.00' />
  <meta name='ocr-capabilities' content='ocr_page ocr_carea ocr_par ocr_line ocrx_word'/>
</head>
<body>
  <div class='ocr_page' id='page_1' title='image "./detheophrastivir00strouoft_0014.png"; bbox 0 0 1566 2592; ppageno 0'>
   <div class='ocr_carea' id='block_1_1' title="bbox 177 117 930 150">
    <p class='ocr_par' dir='ltr' id='par_1_1' title="bbox 177 117 930 150">
     <span class='ocr_line' id='line_1_1' title="bbox 177 117 930 150; baseline 0 -6"><span class='ocrx_word' id='word_1_1' title='bbox 177 118 199 150; x_wconf 89' lang='grc'>4</span> <span class='ocrx_word' id='word_1_2' title='bbox 745 117 930 144; x_wconf 80' lang='lat' dir='ltr'>Prooemium.</span> 
     </span>
    </p>
   </div>
   <div class='ocr_carea' id='block_1_2' title="bbox 177 199 1500 1475">
    <p class='ocr_par' dir='ltr' id='par_1_2' title="bbox 177 199 1496 286">
     <span class='ocr_line' id='line_1_2' title="bbox 181 199 1496 242; baseline 0 -10"><span class='ocrx_word' id='word_1_3' title='bbox 181 200 322 242; x_wconf 87' lang='lat' dir='ltr'>veniant,</span> <span class='ocrx_word' id='word_1_4' title='bbox 341 200 431 231; x_wconf 89' lang='lat' dir='ltr'>cuius</span> <span class='ocrx_word' id='word_1_5' title='bbox 446 210 486 231; x_wconf 88' lang='lat' dir='ltr'>ne</span> <span class='ocrx_word' id='word_1_6' title='bbox 505 199 663 232; x_wconf 85' lang='lat' dir='ltr'>rationem</span> <span class='ocrx_word' id='word_1_7' title='bbox 684 199 806 232; x_wconf 78' lang='lat' dir='ltr'>ordinis</span> <span class='ocrx_word' id='word_1_8' title='bbox 826 199 995 240; x_wconf 85' lang='lat' dir='ltr'>desideres,</span> <span class='ocrx_word' id='word_1_9' title='bbox 1009 199 1090 231; x_wconf 87' lang='lat' dir='ltr'>mihi</span> <span class='ocrx_word' id='word_1_10' title='bbox 1105 210 1208 241; x_wconf 78' lang='lat' dir='ltr'>pauca</span> <span class='ocrx_word' id='word_1_11' title='bbox 1225 199 1264 232; x_wconf 86' lang='lat' dir='ltr'>de</span> <span class='ocrx_word' id='word_1_12' title='bbox 1283 199 1496 242; x_wconf 74' lang='lat' dir='ltr'><strong>dispositione</strong></span> 
     </span>
     <span class='ocr_line' id='line_1_3' title="bbox 177 253 539 286; baseline -0.006 0"><span class='ocrx_word' id='word_1_13' title='bbox 177 253 280 286; x_wconf 87' lang='lat' dir='ltr'>libelli</span> <span class='ocrx_word' id='word_1_14' title='bbox 300 253 436 285; x_wconf 77' lang='lat' dir='ltr'>dicenda</span> <span class='ocrx_word' id='word_1_15' title='bbox 455 254 539 285; x_wconf 86' lang='lat' dir='ltr'>sunt.</span> 
     </span>
    </p>

    <p class='ocr_par' dir='ltr' id='par_1_3' title="bbox 178 306 1500 1475">
     <span class='ocr_line' id='line_1_4' title="bbox 268 306 1495 349; baseline 0.001 -11"><span class='ocrx_word' id='word_1_16' title='bbox 268 306 315 339; x_wconf 89' lang='lat' dir='ltr'>Ut</span> <span class='ocrx_word' id='word_1_17' title='bbox 344 306 503 338; x_wconf 83' lang='lat' dir='ltr'>oratoriae</span> <span class='ocrx_word' id='word_1_18' title='bbox 533 306 729 338; x_wconf 87' lang='lat' dir='ltr'>inventionis</span> <span class='ocrx_word' id='word_1_19' title='bbox 753 309 801 338; x_wconf 87' lang='lat' dir='ltr'>est</span> <span class='ocrx_word' id='word_1_20' title='bbox 824 308 944 338; x_wconf 86' lang='lat' dir='ltr'>statum</span> <span class='ocrx_word' id='word_1_21' title='bbox 973 316 1086 338; x_wconf 80' lang='lat' dir='ltr'>causae</span> <span class='ocrx_word' id='word_1_22' title='bbox 1114 306 1256 348; x_wconf 88' lang='lat' dir='ltr'>primum</span> <span class='ocrx_word' id='word_1_23' title='bbox 1284 307 1495 349; x_wconf 84' lang='lat' dir='ltr'>constituere,</span> 
     </span>
     <span class='ocr_line' id='line_1_5' title="bbox 178 359 1496 403; baseline 0.002 -12"><span class='ocrx_word' id='word_1_24' title='bbox 178 361 226 392; x_wconf 87' lang='lat' dir='ltr'>ita</span> <span class='ocrx_word' id='word_1_25' title='bbox 253 371 314 403; x_wconf 86' lang='lat' dir='ltr'>ego</span> <span class='ocrx_word' id='word_1_26' title='bbox 343 371 472 402; x_wconf 87' lang='lat' dir='ltr'>quoque</span> <span class='ocrx_word' id='word_1_27' title='bbox 500 359 606 402; x_wconf 88' lang='lat' dir='ltr'>primo</span> <span class='ocrx_word' id='word_1_28' title='bbox 635 360 739 401; x_wconf 79' lang='lat' dir='ltr'>capite</span> <span class='ocrx_word' id='word_1_29' title='bbox 768 360 943 392; x_wconf 85' lang='lat' dir='ltr'>sententias</span> <span class='ocrx_word' id='word_1_30' title='bbox 969 359 1110 392; x_wconf 86' lang='lat' dir='ltr'>diversas</span> <span class='ocrx_word' id='word_1_31' title='bbox 1143 361 1286 392; x_wconf 82' lang='lat' dir='ltr'>virorum</span> <span class='ocrx_word' id='word_1_32' title='bbox 1314 360 1496 403; x_wconf 81' lang='lat' dir='ltr'>doctorum,</span> 
     </span>
     <span class='ocr_line' id='line_1_6' title="bbox 180 412 1496 456; baseline 0.001 -10"><span class='ocrx_word' id='word_1_33' title='bbox 180 414 237 456; x_wconf 91' lang='lat' dir='ltr'>qui</span> <span class='ocrx_word' id='word_1_34' title='bbox 258 414 295 446; x_wconf 91' lang='lat' dir='ltr'>de</span> <span class='ocrx_word' id='word_1_35' title='bbox 315 413 531 455; x_wconf 86' lang='lat' dir='ltr'>Theophrasti</span> <span class='ocrx_word' id='word_1_36' title='bbox 555 413 701 446; x_wconf 86' lang='lat' dir='ltr'>doctrina</span> <span class='ocrx_word' id='word_1_37' title='bbox 726 412 843 452; x_wconf 79' lang='grc' dir='ltr'><em>λέξεως</em></span> <span class='ocrx_word' id='word_1_38' title='bbox 867 413 1078 455; x_wconf 82' lang='lat' dir='ltr'>scripserunt,</span> <span class='ocrx_word' id='word_1_39' title='bbox 1101 414 1248 456; x_wconf 77' lang='lat' dir='ltr'>afferam,</span> <span class='ocrx_word' id='word_1_40' title='bbox 1267 415 1303 446; x_wconf 92' lang='lat' dir='ltr'>ut</span> <span class='ocrx_word' id='word_1_41' title='bbox 1322 425 1433 446; x_wconf 85' lang='lat' dir='ltr'>eorum</span> <span class='ocrx_word' id='word_1_42' title='bbox 1457 425 1496 447; x_wconf 86' lang='lat' dir='ltr'>ex</span> 
     </span>
     <span class='ocr_line' id='line_1_7' title="bbox 178 466 1495 510; baseline 0 -11"><span class='ocrx_word' id='word_1_43' title='bbox 178 467 346 509; x_wconf 78' lang='grc' dir='ltr'><em>κατάφασι</em></span> <span class='ocrx_word' id='word_1_44' title='bbox 379 469 411 499; x_wconf 90' lang='lat' dir='ltr'>et</span> <span class='ocrx_word' id='word_1_45' title='bbox 438 467 587 508; x_wconf 78' lang='grc' dir='ltr'><em>ἀπόφασι</em></span> <span class='ocrx_word' id='word_1_46' title='bbox 613 468 840 510; x_wconf 82' lang='lat' dir='ltr'>cognoscatur,</span> <span class='ocrx_word' id='word_1_47' title='bbox 867 466 945 508; x_wconf 87' lang='lat' dir='ltr'>quid</span> <span class='ocrx_word' id='word_1_48' title='bbox 973 467 1104 499; x_wconf 86' lang='lat' dir='ltr'>omnino</span> <span class='ocrx_word' id='word_1_49' title='bbox 1134 467 1167 499; x_wconf 90' lang='lat' dir='ltr'>in</span> <span class='ocrx_word' id='word_1_50' title='bbox 1196 467 1416 500; x_wconf 84' lang='lat' dir='ltr'>controversia</span> <span class='ocrx_word' id='word_1_51' title='bbox 1442 467 1495 500; x_wconf 89' lang='lat' dir='ltr'>sit.</span> 
     </span>
     <span class='ocr_line' id='line_1_8' title="bbox 181 519 1496 562; baseline 0.001 -10"><span class='ocrx_word' id='word_1_52' title='bbox 181 519 296 553; x_wconf 86' lang='lat' dir='ltr'>Altero</span> <span class='ocrx_word' id='word_1_53' title='bbox 325 520 431 562; x_wconf 81' lang='lat' dir='ltr'>capite</span> <span class='ocrx_word' id='word_1_54' title='bbox 459 519 676 562; x_wconf 72' lang='lat' dir='ltr'>Theophrasti</span> <span class='ocrx_word' id='word_1_55' title='bbox 704 520 862 552; x_wconf 86' lang='lat' dir='ltr'>rationem</span> <span class='ocrx_word' id='word_1_56' title='bbox 883 522 1038 552; x_wconf 81' lang='lat' dir='ltr'>virtutum</span> <span class='ocrx_word' id='word_1_57' title='bbox 1067 521 1247 553; x_wconf 77' lang='lat' dir='ltr'><strong>accuratius</strong></span> <span class='ocrx_word' id='word_1_58' title='bbox 1275 521 1496 554; x_wconf 73' lang='lat' dir='ltr'><strong>tractabimus.</strong></span> 
     </span>
     <span class='ocr_line' id='line_1_9' title="bbox 180 573 1495 615; baseline 0.001 -9"><span class='ocrx_word' id='word_1_59' title='bbox 180 574 253 606; x_wconf 85' lang='lat' dir='ltr'>Etsi</span> <span class='ocrx_word' id='word_1_60' title='bbox 281 574 367 606; x_wconf 89' lang='lat' dir='ltr'>enim</span> <span class='ocrx_word' id='word_1_61' title='bbox 399 574 483 606; x_wconf 88' lang='lat' dir='ltr'>inter</span> <span class='ocrx_word' id='word_1_62' title='bbox 518 585 628 606; x_wconf 88' lang='lat' dir='ltr'>omnes</span> <span class='ocrx_word' id='word_1_63' title='bbox 662 575 788 606; x_wconf 82' lang='lat' dir='ltr'>constat</span> <span class='ocrx_word' id='word_1_64' title='bbox 815 573 951 605; x_wconf 80' lang='lat' dir='ltr'>virtutes</span> <span class='ocrx_word' id='word_1_65' title='bbox 988 573 1143 615; x_wconf 86' lang='lat' dir='ltr'>quasdam</span> <span class='ocrx_word' id='word_1_66' title='bbox 1169 573 1361 606; x_wconf 77' lang='lat' dir='ltr'>elocutionis</span> <span class='ocrx_word' id='word_1_67' title='bbox 1389 575 1429 607; x_wconf 84' lang='lat' dir='ltr'>ab</span> <span class='ocrx_word' id='word_1_68' title='bbox 1457 585 1495 607; x_wconf 88' lang='lat' dir='ltr'>eo</span> 
     </span>
     <span class='ocr_line' id='line_1_10' title="bbox 182 627 1496 672; baseline 0.001 -13"><span class='ocrx_word' id='word_1_69' title='bbox 182 638 252 660; x_wconf 87' lang='lat' dir='ltr'>esse</span> <span class='ocrx_word' id='word_1_70' title='bbox 280 629 434 670; x_wconf 77' lang='lat' dir='ltr'>statutas,</span> <span class='ocrx_word' id='word_1_71' title='bbox 462 630 569 659; x_wconf 84' lang='lat' dir='ltr'>tamen</span> <span class='ocrx_word' id='word_1_72' title='bbox 600 627 638 659; x_wconf 88' lang='lat' dir='ltr'>de</span> <span class='ocrx_word' id='word_1_73' title='bbox 667 638 800 659; x_wconf 90' lang='lat' dir='ltr'>numero</span> <span class='ocrx_word' id='word_1_74' title='bbox 829 629 862 659; x_wconf 87' lang='lat' dir='ltr'>et</span> <span class='ocrx_word' id='word_1_75' title='bbox 890 627 928 659; x_wconf 86' lang='lat' dir='ltr'>de</span> <span class='ocrx_word' id='word_1_76' title='bbox 958 627 1066 660; x_wconf 91' lang='lat' dir='ltr'>indole</span> <span class='ocrx_word' id='word_1_77' title='bbox 1092 629 1160 660; x_wconf 87' lang='lat' dir='ltr'>eius</span> <span class='ocrx_word' id='word_1_78' title='bbox 1189 628 1353 660; x_wconf 85' lang='lat' dir='ltr'>doctrinae</span> <span class='ocrx_word' id='word_1_79' title='bbox 1378 639 1496 672; x_wconf 79' lang='lat' dir='ltr'>magna</span> 
     </span>
     <span class='ocr_line' id='line_1_11' title="bbox 181 680 1496 724; baseline 0.002 -11"><span class='ocrx_word' id='word_1_80' title='bbox 181 681 337 713; x_wconf 82' lang='lat' dir='ltr'>dissensio</span> <span class='ocrx_word' id='word_1_81' title='bbox 362 683 418 713; x_wconf 87' lang='lat' dir='ltr'>est.</span> <span class='ocrx_word' id='word_1_82' title='bbox 454 680 503 713; x_wconf 86' lang='lat' dir='ltr'>De</span> <span class='ocrx_word' id='word_1_83' title='bbox 529 681 754 722; x_wconf 80' lang='lat' dir='ltr'>Theophrasto</span> <span class='ocrx_word' id='word_1_84' title='bbox 781 683 889 713; x_wconf 87' lang='lat' dir='ltr'>autem</span> <span class='ocrx_word' id='word_1_85' title='bbox 915 681 1085 713; x_wconf 80' lang='lat' dir='ltr'>certiorem</span> <span class='ocrx_word' id='word_1_86' title='bbox 1111 683 1144 713; x_wconf 87' lang='lat' dir='ltr'>te</span> <span class='ocrx_word' id='word_1_87' title='bbox 1169 681 1292 714; x_wconf 81' lang='lat' dir='ltr'>factum</span> <span class='ocrx_word' id='word_1_88' title='bbox 1318 693 1387 715; x_wconf 86' lang='lat' dir='ltr'>esse</span> <span class='ocrx_word' id='word_1_89' title='bbox 1411 683 1496 724; x_wconf 79' lang='lat' dir='ltr'>volo,</span> 
     </span>
     <span class='ocr_line' id='line_1_12' title="bbox 180 734 1496 778; baseline 0.002 -12"><span class='ocrx_word' id='word_1_90' title='bbox 180 735 370 776; x_wconf 82' lang='lat' dir='ltr'>priusquam</span> <span class='ocrx_word' id='word_1_91' title='bbox 386 735 426 766; x_wconf 87' lang='lat' dir='ltr'>ad</span> <span class='ocrx_word' id='word_1_92' title='bbox 440 735 610 766; x_wconf 85' lang='lat' dir='ltr'>historiam</span> <span class='ocrx_word' id='word_1_93' title='bbox 630 734 787 766; x_wconf 81' lang='lat' dir='ltr'>virtutum</span> <span class='ocrx_word' id='word_1_94' title='bbox 807 734 1043 778; x_wconf 82' lang='lat' dir='ltr'>aggrediamur.</span> <span class='ocrx_word' id='word_1_95' title='bbox 1073 734 1127 767; x_wconf 74' lang='lat' dir='ltr'>Sic</span> <span class='ocrx_word' id='word_1_96' title='bbox 1146 735 1247 778; x_wconf 81' lang='lat' dir='ltr'>igitur</span> <span class='ocrx_word' id='word_1_97' title='bbox 1266 735 1442 768; x_wconf 70' lang='lat' dir='ltr'>instructus</span> <span class='ocrx_word' id='word_1_98' title='bbox 1456 736 1496 769; x_wconf 82' lang='lat' dir='ltr'>ad</span> 
     </span>
     <span class='ocr_line' id='line_1_13' title="bbox 180 787 1495 831; baseline 0.002 -12"><span class='ocrx_word' id='word_1_99' title='bbox 180 787 391 820; x_wconf 87' lang='lat' dir='ltr'>Aristotelem</span> <span class='ocrx_word' id='word_1_100' title='bbox 411 789 507 820; x_wconf 89' lang='lat' dir='ltr'>tertio</span> <span class='ocrx_word' id='word_1_101' title='bbox 527 789 632 830; x_wconf 81' lang='lat' dir='ltr'>eapite</span> <span class='ocrx_word' id='word_1_102' title='bbox 651 788 743 829; x_wconf 85' lang='lat' dir='ltr'>quasi</span> <span class='ocrx_word' id='word_1_103' title='bbox 762 787 947 829; x_wconf 87' lang='lat' dir='ltr'>redibimus,</span> <span class='ocrx_word' id='word_1_104' title='bbox 971 789 1217 831; x_wconf 81' lang='lat' dir='ltr'>progrediemur</span> <span class='ocrx_word' id='word_1_105' title='bbox 1235 799 1311 821; x_wconf 84' lang='lat' dir='ltr'>vero</span> <span class='ocrx_word' id='word_1_106' title='bbox 1334 800 1438 831; x_wconf 82' lang='lat' dir='ltr'>usque</span> <span class='ocrx_word' id='word_1_107' title='bbox 1455 789 1495 822; x_wconf 84' lang='lat' dir='ltr'>ad</span> 
     </span>
     <span class='ocr_line' id='line_1_14' title="bbox 181 840 1497 886; baseline 0.002 -13"><span class='ocrx_word' id='word_1_108' title='bbox 181 840 319 873; x_wconf 88' lang='lat' dir='ltr'>Stoicos.</span> <span class='ocrx_word' id='word_1_109' title='bbox 346 841 432 873; x_wconf 85' lang='lat' dir='ltr'>Nam</span> <span class='ocrx_word' id='word_1_110' title='bbox 452 842 492 873; x_wconf 89' lang='lat' dir='ltr'>ad</span> <span class='ocrx_word' id='word_1_111' title='bbox 511 841 732 873; x_wconf 88' lang='lat' dir='ltr'>Romanorum</span> <span class='ocrx_word' id='word_1_112' title='bbox 752 841 940 874; x_wconf 81' lang='lat' dir='ltr'>memoriam</span> <span class='ocrx_word' id='word_1_113' title='bbox 961 853 1027 874; x_wconf 90' lang='lat' dir='ltr'>non</span> <span class='ocrx_word' id='word_1_114' title='bbox 1045 842 1269 884; x_wconf 84' lang='lat' dir='ltr'>transibimus,</span> <span class='ocrx_word' id='word_1_115' title='bbox 1287 842 1352 874; x_wconf 88' lang='lat' dir='ltr'>nisi</span> <span class='ocrx_word' id='word_1_116' title='bbox 1371 853 1497 886; x_wconf 79' lang='lat' dir='ltr'>compa-</span> 
     </span>
     <span class='ocr_line' id='line_1_15' title="bbox 180 894 1498 939; baseline 0.002 -13"><span class='ocrx_word' id='word_1_117' title='bbox 180 895 259 926; x_wconf 88' lang='lat' dir='ltr'>ratis</span> <span class='ocrx_word' id='word_1_118' title='bbox 275 897 368 927; x_wconf 84' lang='lat' dir='ltr'>antea</span> <span class='ocrx_word' id='word_1_119' title='bbox 382 895 558 927; x_wconf 82' lang='lat' dir='ltr'>virtutibus</span> <span class='ocrx_word' id='word_1_120' title='bbox 579 895 780 927; x_wconf 71' lang='lat' dir='ltr'>narrationis</span> <span class='ocrx_word' id='word_1_121' title='bbox 811 894 899 933; x_wconf 82' lang='lat' dir='ltr'>Quae</span> <span class='ocrx_word' id='word_1_122' title='bbox 915 898 1050 937; x_wconf 87' lang='lat' dir='ltr'>propter</span> <span class='ocrx_word' id='word_1_123' title='bbox 1068 895 1261 928; x_wconf 83' lang='lat' dir='ltr'>affinitatem</span> <span class='ocrx_word' id='word_1_124' title='bbox 1281 896 1398 939; x_wconf 82' lang='lat' dir='ltr'>dignae</span> <span class='ocrx_word' id='word_1_125' title='bbox 1413 899 1498 939; x_wconf 87' lang='lat' dir='ltr'>sunt,</span> 
     </span>
     <span class='ocr_line' id='line_1_16' title="bbox 182 948 1498 992; baseline 0.003 -13"><span class='ocrx_word' id='word_1_126' title='bbox 182 959 264 989; x_wconf 88' lang='lat' dir='ltr'>quae</span> <span class='ocrx_word' id='word_1_127' title='bbox 289 948 474 990; x_wconf 74' lang='lat' dir='ltr'>audiantur3</span> <span class='ocrx_word' id='word_1_128' title='bbox 502 960 576 981; x_wconf 87' lang='lat' dir='ltr'>eum</span> <span class='ocrx_word' id='word_1_129' title='bbox 603 948 687 980; x_wconf 90' lang='lat' dir='ltr'>enim</span> <span class='ocrx_word' id='word_1_130' title='bbox 708 948 830 981; x_wconf 87' lang='lat' dir='ltr'>similes</span> <span class='ocrx_word' id='word_1_131' title='bbox 856 949 922 980; x_wconf 88' lang='lat' dir='ltr'>sint</span> <span class='ocrx_word' id='word_1_132' title='bbox 948 949 1142 982; x_wconf 87' lang='lat' dir='ltr'>elocutionis</span> <span class='ocrx_word' id='word_1_133' title='bbox 1169 950 1358 992; x_wconf 81' lang='lat' dir='ltr'>virtutibus,</span> <span class='ocrx_word' id='word_1_134' title='bbox 1382 949 1498 983; x_wconf 82' lang='lat' dir='ltr'>harum</span> 
     </span>
     <span class='ocr_line' id='line_1_17' title="bbox 182 1001 1497 1045; baseline 0.002 -12"><span class='ocrx_word' id='word_1_135' title='bbox 182 1001 402 1044; x_wconf 87' lang='lat' dir='ltr'>cognitionem</span> <span class='ocrx_word' id='word_1_136' title='bbox 421 1002 584 1034; x_wconf 85' lang='lat' dir='ltr'>adiuvant.</span> <span class='ocrx_word' id='word_1_137' title='bbox 612 1002 734 1034; x_wconf 86' lang='lat' dir='ltr'>Tamen</span> <span class='ocrx_word' id='word_1_138' title='bbox 753 1002 858 1034; x_wconf 79' lang='lat' dir='ltr'>multo</span> <span class='ocrx_word' id='word_1_139' title='bbox 877 1003 991 1045; x_wconf 82' lang='lat' dir='ltr'>magis,</span> <span class='ocrx_word' id='word_1_140' title='bbox 1011 1014 1108 1044; x_wconf 92' lang='lat' dir='ltr'>quam</span> <span class='ocrx_word' id='word_1_141' title='bbox 1123 1003 1205 1035; x_wconf 86' lang='lat' dir='ltr'>solet</span> <span class='ocrx_word' id='word_1_142' title='bbox 1224 1003 1303 1045; x_wconf 87' lang='lat' dir='ltr'>fieri,</span> <span class='ocrx_word' id='word_1_143' title='bbox 1321 1004 1438 1036; x_wconf 82' lang='lat' dir='ltr'>alteras</span> <span class='ocrx_word' id='word_1_144' title='bbox 1456 1004 1497 1036; x_wconf 84' lang='lat' dir='ltr'>ab</span> 
     </span>
     <span class='ocr_line' id='line_1_18' title="bbox 182 1054 1498 1100; baseline 0.003 -14"><span class='ocrx_word' id='word_1_145' title='bbox 182 1055 293 1086; x_wconf 86' lang='lat' dir='ltr'>alteris</span> <span class='ocrx_word' id='word_1_146' title='bbox 312 1055 557 1098; x_wconf 85' lang='lat' dir='ltr'>distinguendas</span> <span class='ocrx_word' id='word_1_147' title='bbox 577 1067 646 1088; x_wconf 89' lang='lat' dir='ltr'>esse</span> <span class='ocrx_word' id='word_1_148' title='bbox 666 1055 836 1098; x_wconf 83' lang='lat' dir='ltr'>apparebit</span> <span class='ocrx_word' id='word_1_149' title='bbox 851 1054 942 1099; x_wconf 86' lang='lat' dir='ltr'>(Cap.</span> <span class='ocrx_word' id='word_1_150' title='bbox 953 1055 1026 1100; x_wconf 90' lang='lat' dir='ltr'>IV).</span> <span class='ocrx_word' id='word_1_151' title='bbox 1055 1056 1179 1089; x_wconf 85' lang='lat' dir='ltr'>Deinde</span> <span class='ocrx_word' id='word_1_152' title='bbox 1198 1056 1336 1089; x_wconf 86' lang='lat' dir='ltr'>Romani</span> <span class='ocrx_word' id='word_1_153' title='bbox 1354 1057 1498 1091; x_wconf 78' lang='lat' dir='ltr'>rhetores</span> 
     </span>
     <span class='ocr_line' id='line_1_19' title="bbox 183 1108 1498 1154; baseline 0.002 -14"><span class='ocrx_word' id='word_1_154' title='bbox 183 1119 274 1140; x_wconf 89' lang='lat' dir='ltr'>suam</span> <span class='ocrx_word' id='word_1_155' title='bbox 294 1108 333 1140; x_wconf 90' lang='lat' dir='ltr'>de</span> <span class='ocrx_word' id='word_1_156' title='bbox 351 1109 527 1141; x_wconf 87' lang='lat' dir='ltr'>virtutibus</span> <span class='ocrx_word' id='word_1_157' title='bbox 547 1109 673 1142; x_wconf 77' lang='lat' dir='ltr'>dicendi</span> <span class='ocrx_word' id='word_1_158' title='bbox 693 1110 884 1141; x_wconf 77' lang='lat' dir='ltr'>sententiam</span> <span class='ocrx_word' id='word_1_159' title='bbox 904 1110 1070 1152; x_wconf 81' lang='lat' dir='ltr'>proferent</span> <span class='ocrx_word' id='word_1_160' title='bbox 1089 1108 1179 1153; x_wconf 88' lang='lat' dir='ltr'>(Cap.</span> <span class='ocrx_word' id='word_1_161' title='bbox 1193 1109 1247 1154; x_wconf 93' lang='lat' dir='ltr'>V).</span> <span class='ocrx_word' id='word_1_162' title='bbox 1276 1110 1411 1143; x_wconf 79' lang='lat' dir='ltr'>Accedit</span> <span class='ocrx_word' id='word_1_163' title='bbox 1429 1121 1498 1143; x_wconf 83' lang='lat' dir='ltr'>sex-</span> 
     </span>
     <span class='ocr_line' id='line_1_20' title="bbox 182 1163 1498 1206; baseline 0.002 -12"><span class='ocrx_word' id='word_1_164' title='bbox 182 1164 253 1194; x_wconf 88' lang='lat' dir='ltr'>tum</span> <span class='ocrx_word' id='word_1_165' title='bbox 277 1164 390 1204; x_wconf 82' lang='lat' dir='ltr'>caput,</span> <span class='ocrx_word' id='word_1_166' title='bbox 414 1173 480 1204; x_wconf 91' lang='lat' dir='ltr'>quo</span> <span class='ocrx_word' id='word_1_167' title='bbox 499 1163 657 1195; x_wconf 83' lang='lat' dir='ltr'>virtutum</span> <span class='ocrx_word' id='word_1_168' title='bbox 683 1174 778 1195; x_wconf 90' lang='lat' dir='ltr'>usum</span> <span class='ocrx_word' id='word_1_169' title='bbox 802 1163 835 1195; x_wconf 91' lang='lat' dir='ltr'>in</span> <span class='ocrx_word' id='word_1_170' title='bbox 862 1163 992 1206; x_wconf 87' lang='lat' dir='ltr'>scriptis</span> <span class='ocrx_word' id='word_1_171' title='bbox 1018 1163 1188 1196; x_wconf 84' lang='lat' dir='ltr'>rhetoricis</span> <span class='ocrx_word' id='word_1_172' title='bbox 1217 1164 1257 1196; x_wconf 85' lang='lat' dir='ltr'>ad</span> <span class='ocrx_word' id='word_1_173' title='bbox 1282 1164 1498 1197; x_wconf 85' lang='lat' dir='ltr'>imitationem</span> 
     </span>
     <span class='ocr_line' id='line_1_21' title="bbox 183 1216 1498 1260; baseline 0.002 -12"><span class='ocrx_word' id='word_1_174' title='bbox 183 1216 372 1258; x_wconf 86' lang='lat' dir='ltr'>compositis</span> <span class='ocrx_word' id='word_1_175' title='bbox 392 1227 631 1258; x_wconf 84' lang='lat' dir='ltr'>persequemur.</span> <span class='ocrx_word' id='word_1_176' title='bbox 661 1217 722 1249; x_wconf 86' lang='lat' dir='ltr'>His</span> <span class='ocrx_word' id='word_1_177' title='bbox 741 1228 796 1249; x_wconf 86' lang='lat' dir='ltr'>sex</span> <span class='ocrx_word' id='word_1_178' title='bbox 815 1217 976 1260; x_wconf 81' lang='lat' dir='ltr'>capitibus</span> <span class='ocrx_word' id='word_1_179' title='bbox 995 1217 1154 1250; x_wconf 88' lang='lat' dir='ltr'>absolutis</span> <span class='ocrx_word' id='word_1_180' title='bbox 1171 1218 1325 1260; x_wconf 82' lang='lat' dir='ltr'>quoniam</span> <span class='ocrx_word' id='word_1_181' title='bbox 1339 1218 1498 1250; x_wconf 79' lang='lat' dir='ltr'>virtutum</span> 
     </span>
     <span class='ocr_line' id='line_1_22' title="bbox 183 1269 1498 1313; baseline 0.002 -12"><span class='ocrx_word' id='word_1_182' title='bbox 183 1269 266 1301; x_wconf 85' lang='lat' dir='ltr'>ratio</span> <span class='ocrx_word' id='word_1_183' title='bbox 286 1269 356 1311; x_wconf 84' lang='lat' dir='ltr'>ipsa</span> <span class='ocrx_word' id='word_1_184' title='bbox 379 1280 436 1311; x_wconf 88' lang='lat' dir='ltr'>per</span> <span class='ocrx_word' id='word_1_185' title='bbox 455 1281 488 1302; x_wconf 89' lang='lat' dir='ltr'>se</span> <span class='ocrx_word' id='word_1_186' title='bbox 513 1271 591 1303; x_wconf 87' lang='lat' dir='ltr'>satis</span> <span class='ocrx_word' id='word_1_187' title='bbox 611 1270 671 1302; x_wconf 89' lang='lat' dir='ltr'>tibi</span> <span class='ocrx_word' id='word_1_188' title='bbox 696 1273 772 1303; x_wconf 86' lang='lat' dir='ltr'>nota</span> <span class='ocrx_word' id='word_1_189' title='bbox 795 1271 870 1312; x_wconf 87' lang='lat' dir='ltr'>erit,</span> <span class='ocrx_word' id='word_1_190' title='bbox 893 1271 957 1303; x_wconf 84' lang='lat' dir='ltr'>iam</span> <span class='ocrx_word' id='word_1_191' title='bbox 976 1271 1038 1303; x_wconf 86' lang='lat' dir='ltr'>erit</span> <span class='ocrx_word' id='word_1_192' title='bbox 1061 1271 1292 1313; x_wconf 87' lang='lat' dir='ltr'>quaerendum,</span> <span class='ocrx_word' id='word_1_193' title='bbox 1311 1282 1393 1313; x_wconf 82' lang='lat' dir='ltr'>quae</span> <span class='ocrx_word' id='word_1_194' title='bbox 1415 1271 1498 1305; x_wconf 85' lang='lat' dir='ltr'>ratio</span> 
     </span>
     <span class='ocr_line' id='line_1_23' title="bbox 184 1322 1499 1368; baseline 0.003 -14"><span class='ocrx_word' id='word_1_195' title='bbox 184 1322 269 1354; x_wconf 88' lang='lat' dir='ltr'>inter</span> <span class='ocrx_word' id='word_1_196' title='bbox 291 1323 427 1356; x_wconf 83' lang='lat' dir='ltr'>virtutes</span> <span class='ocrx_word' id='word_1_197' title='bbox 446 1325 478 1355; x_wconf 89' lang='lat' dir='ltr'>et</span> <span class='ocrx_word' id='word_1_198' title='bbox 502 1334 619 1366; x_wconf 85' lang='lat' dir='ltr'>genera</span> <span class='ocrx_word' id='word_1_199' title='bbox 643 1324 770 1356; x_wconf 82' lang='lat' dir='ltr'>dicendi</span> <span class='ocrx_word' id='word_1_200' title='bbox 793 1324 979 1360; x_wconf 84' lang='lat' dir='ltr'>intercedat.</span> <span class='ocrx_word' id='word_1_201' title='bbox 1008 1324 1067 1357; x_wconf 85' lang='lat' dir='ltr'>Cui</span> <span class='ocrx_word' id='word_1_202' title='bbox 1091 1325 1272 1367; x_wconf 86' lang='lat' dir='ltr'>quaestioni</span> <span class='ocrx_word' id='word_1_203' title='bbox 1297 1336 1370 1357; x_wconf 89' lang='lat' dir='ltr'>cum</span> <span class='ocrx_word' id='word_1_204' title='bbox 1393 1325 1499 1368; x_wconf 79' lang='lat' dir='ltr'>capite</span> 
     </span>
     <span class='ocr_line' id='line_1_24' title="bbox 185 1376 1499 1420; baseline 0.003 -13"><span class='ocrx_word' id='word_1_205' title='bbox 185 1376 324 1418; x_wconf 87' lang='lat' dir='ltr'>septimo</span> <span class='ocrx_word' id='word_1_206' title='bbox 343 1377 617 1419; x_wconf 85' lang='lat' dir='ltr'>responderimus,</span> <span class='ocrx_word' id='word_1_207' title='bbox 642 1377 825 1419; x_wconf 88' lang='lat' dir='ltr'>insequenti</span> <span class='ocrx_word' id='word_1_208' title='bbox 845 1379 949 1420; x_wconf 86' lang='lat' dir='ltr'>eapite</span> <span class='ocrx_word' id='word_1_209' title='bbox 968 1389 1023 1410; x_wconf 87' lang='lat' dir='ltr'>eos</span> <span class='ocrx_word' id='word_1_210' title='bbox 1043 1378 1224 1420; x_wconf 89' lang='lat' dir='ltr'>audiemus,</span> <span class='ocrx_word' id='word_1_211' title='bbox 1243 1379 1300 1420; x_wconf 91' lang='lat' dir='ltr'>qui</span> <span class='ocrx_word' id='word_1_212' title='bbox 1318 1379 1402 1411; x_wconf 84' lang='lat' dir='ltr'>falso</span> <span class='ocrx_word' id='word_1_213' title='bbox 1425 1389 1499 1411; x_wconf 82' lang='lat' dir='ltr'>oon-</span> 
     </span>
     <span class='ocr_line' id='line_1_25' title="bbox 185 1430 1500 1475; baseline 0.002 -14"><span class='ocrx_word' id='word_1_214' title='bbox 185 1430 364 1462; x_wconf 88' lang='lat' dir='ltr'>taminandi</span> <span class='ocrx_word' id='word_1_215' title='bbox 389 1430 496 1462; x_wconf 87' lang='lat' dir='ltr'>studio</span> <span class='ocrx_word' id='word_1_216' title='bbox 517 1431 648 1473; x_wconf 89' lang='lat' dir='ltr'>impulsi</span> <span class='ocrx_word' id='word_1_217' title='bbox 668 1432 804 1464; x_wconf 87' lang='lat' dir='ltr'>virtutes</span> <span class='ocrx_word' id='word_1_218' title='bbox 824 1443 895 1464; x_wconf 84' lang='lat' dir='ltr'>cum</span> <span class='ocrx_word' id='word_1_219' title='bbox 915 1432 1087 1475; x_wconf 85' lang='lat' dir='ltr'>generibus</span> <span class='ocrx_word' id='word_1_220' title='bbox 1106 1432 1302 1465; x_wconf 84' lang='lat' dir='ltr'>confundere</span> <span class='ocrx_word' id='word_1_221' title='bbox 1320 1432 1500 1465; x_wconf 73' lang='lat' dir='ltr'>voluerunt.</span> 
     </span>
    </p>
   </div>
  </div>
 </body>
</html>
