1566 2592
168 107 212 140 72
750 109 841 144 Caput
860 109 905 137 VI.

707 264 862 301 CAPUT
888 265 948 302 VI.

176 341 251 390 DE
284 341 576 391 VIRTUTUM
608 342 837 391 DIGENDI
870 343 931 391 IN
964 343 1205 394 SCRIPTIS
1240 345 1474 396 CRITICIS

524 413 635 462 USU
668 414 849 464 ATQUE
882 415 1134 464 RATIONE.

261 512 379 546 Omnes
398 513 484 555 libri,
503 524 585 555 quos
604 513 709 545 adhuc
728 514 977 555 percensuimus,
997 515 1143 556 quamvis
1158 515 1308 548 differant
1323 516 1357 548 in
1376 516 1487 560 singu-

168 567 219 609 lis,
239 567 371 599 omnino
391 569 498 598 tamen
513 566 546 598 in
562 567 737 599 virtutibus
752 567 877 598 dicendi
893 578 1043 610 magnam
1059 568 1303 601 similitudinem
1322 570 1488 604 exhibent.

170 620 238 652 Iam
258 620 297 652 ad
317 620 510 662 Dionysium
531 622 744 660 transeamus,
765 631 860 662 quem
881 620 984 653 multo
1010 621 1139 664 longius
1159 633 1178 653 a
1196 622 1420 665 Theophrasto
1441 624 1488 656 di-

170 676 255 706 stare
279 674 457 716 apparebit.
485 673 547 706 Sed
567 674 607 705 ad
631 673 800 706 historiam
820 675 977 706 virtutum
1004 676 1259 717 cognoscendam
1279 678 1347 709 eius
1366 677 1490 720 scripta.

171 729 223 760 vel
241 728 358 760 summi
377 730 452 759 sunt
472 728 640 768 momenti,
664 727 816 769 quoniam
835 727 930 760 nobis
949 728 1185 771 demonstrant,
1208 740 1272 772 qua
1289 731 1414 764 ratione
1433 731 1488 764 ad-

170 781 294 814 hibitae
309 782 374 813 sint
388 780 501 823 ἆρεταὶ
517 781 632 820 λέξεως
646 781 681 813 in
695 781 787 813 libris
802 780 878 822 περὶ
893 783 1072 824 μιμήσεως;
1091 782 1241 825 Dionysii
1256 783 1341 816 enim
1356 784 1488 827 scripta,

171 847 208 867 ea
227 836 404 877 dumtaxat,
424 834 540 877 quibus
559 835 697 867 virtutes
721 835 913 867 elocutionis
932 835 1056 877 insunt,
1079 847 1145 868 non
1164 837 1204 868 ad
1227 838 1487 880 praeceptionem

171 889 297 930 λέξεως,
315 888 430 920 tertiae
449 890 525 930 post
543 888 676 929 εὕρεσιν
691 890 723 921 et
740 888 834 927 τάξιν
853 889 932 920 artis
951 889 1129 922 rhetoricae
1145 891 1256 932 partis,
1273 894 1385 933 parata
1402 894 1490 933 sunt,

172 943 228 975 sed
247 943 286 974 ad
312 943 451 984 μίμησιν
476 948 544 974 τῶν
570 941 716 984 ἀρχαίων
742 942 970 974 ostendendam
990 945 1022 974 et
1040 943 1081 974 ad
1105 943 1236 976 ferenda
1260 944 1298 976 de
1324 945 1490 978 veteribus

173 996 354 1029 oratoribus
382 995 508 1028 iudicia.
537 995 608 1028 Hoc
627 1007 729 1038 genus
757 996 975 1038 praecipiendi
993 1007 1012 1028 a
1036 996 1142 1038 priore
1169 1009 1294 1040 genere,
1312 998 1404 1030 cuius
1423 1010 1488 1030 ma-

172 1051 291 1093 gistros
311 1050 532 1091 Aristotelem,
557 1049 710 1091 Tullium,
736 1049 872 1082 Fabium
898 1051 1119 1093 cognovimus,
1146 1051 1236 1083 valde
1263 1051 1404 1084 alienum
1430 1053 1492 1094 est,

171 1115 276 1146 neque
295 1104 334 1136 de
353 1104 512 1136 virtutum
532 1103 713 1135 differentia
731 1105 818 1136 recte
837 1103 1063 1146 iudicabimus,
1084 1104 1146 1136 nisi
1166 1105 1307 1137 indolem
1328 1105 1490 1137 librorum

171 1158 247 1200 περὶ
266 1159 431 1199 μιμήσεως
450 1157 767 1190 consideraverimus.

265 1211 345 1243 Cum
365 1211 450 1244 enim
475 1213 544 1243 tota
571 1211 637 1243 fere
663 1211 770 1243 studia
795 1211 967 1243 artificiose
996 1211 1122 1244 dicendi
1147 1212 1188 1244 ad
1214 1212 1427 1245 imitationem
1454 1223 1492 1245 se

174 1265 421 1306 convertissent,
449 1264 528 1296 artis
557 1264 735 1297 rhetoricae
763 1276 884 1296 novum
912 1265 1039 1297 exstitit
1067 1266 1210 1297 officium
1239 1266 1491 1308 demonstrandi,

173 1330 254 1361 quae
274 1319 526 1360 uniuscuiusque
537 1320 569 1350 et
583 1318 751 1360 scriptoris
762 1321 794 1350 et
809 1318 916 1360 operis
930 1318 1041 1350 laudes
1056 1319 1237 1351 imitatione
1252 1319 1368 1361 dignae
1382 1321 1494 1352 essent

173 1383 319 1415 quaeque
338 1373 493 1415 fugienda
511 1372 598 1404 vitia.

263 1425 316 1457 Ad
334 1436 452 1458 novam
467 1427 575 1458 autem
589 1425 746 1458 rationem
762 1425 980 1467 praecipiendi
995 1425 1140 1458 rhetores
1155 1428 1295 1458 veterem
1311 1425 1490 1459 doctrinam

172 1479 290 1518 λέξεως
309 1479 356 1511 ita
374 1478 669 1520 accommodabant,
683 1481 720 1510 ut
733 1479 871 1511 virtutes
890 1481 985 1511 antea
1003 1479 1197 1511 constitutas
1216 1479 1414 1522 adhiberent,
1433 1479 1492 1512 sed

173 1534 285 1566 divisis
305 1533 442 1576 singulis
461 1534 567 1565 totum
586 1543 755 1565 numerum
776 1532 869 1564 valde
888 1534 1051 1575 angerent.

262 1586 430 1619 Divisione
451 1586 581 1628 quidem
601 1587 693 1618 libris
712 1586 832 1618 criticis
853 1597 934 1628 opus
958 1588 1036 1619 erat.
1064 1585 1148 1618 Nam
1175 1586 1209 1618 in
1234 1588 1340 1619 vetere
1365 1587 1493 1620 ratione

173 1641 390 1673 instituendae
410 1639 526 1679 λέξεως
545 1651 595 1672 ars
611 1642 675 1682 aut,
692 1642 729 1672 ut
744 1639 862 1673 Graece
882 1640 996 1681 dicam,
1010 1639 1106 1681 τέχνη
1121 1650 1185 1671 una
1203 1642 1272 1672 erat
1291 1642 1323 1672 et
1342 1640 1494 1683 simplex,

174 1695 266 1727 cuius
286 1694 426 1727 dilucida
445 1694 578 1736 partitio
598 1704 772 1736 paucarum
793 1694 950 1726 virtutum
971 1693 1011 1725 ad
1030 1693 1262 1735 discipulorum
1282 1693 1412 1737 ingenia
1426 1694 1493 1726 for·

173 1748 290 1780 manda
309 1748 551 1780 accommodata
569 1749 646 1789 erat,
666 1747 698 1779 in
717 1747 810 1779 novis
830 1750 937 1779 autem
957 1747 1085 1789 scriptis
1104 1747 1273 1779 rhetoricis
1293 1747 1332 1779 ad
1351 1748 1493 1790 μίμησιν

173 1801 412 1843 pertinentibus
432 1804 597 1833 oratorum
616 1812 770 1843 personae
790 1801 911 1833 multae
930 1803 962 1833 et
981 1801 1087 1833 variae
1105 1800 1144 1832 ad
1163 1801 1318 1833 iudicium
1332 1801 1492 1834 vocaban-

174 1858 235 1887 tur.
260 1855 330 1893 Qua
344 1855 378 1886 in
392 1866 426 1887 re
441 1855 584 1887 eiusdem
599 1855 726 1887 dicendi
744 1855 874 1886 virtutis
894 1855 1003 1896 plures
1022 1856 1167 1896 repertae
1186 1856 1261 1886 sunt
1280 1856 1395 1896 partes,
1414 1865 1491 1897 qua-

174 1920 245 1942 rum
261 1909 357 1941 aliam
372 1908 557 1950 praestabat
571 1908 697 1950 aliquis,
713 1909 768 1950 qui
783 1908 866 1941 idem
882 1908 945 1940 alia
960 1909 1095 1940 carebat.
1123 1907 1237 1949 Itaque
1253 1907 1381 1950 singula
1394 1919 1494 1950 quae·

176 1974 239 2005 que
258 1974 332 2005 pars
352 1973 410 1994 suo
430 1962 561 1994 nomine
579 1962 682 1994 virtus
702 1963 864 2004 appellata
883 1964 916 1994 et
934 1962 1063 2004 proprie
1082 1963 1249 1992 numerata
1267 1963 1324 1993 est.

264 2015 357 2049 Unus
375 2015 470 2048 nobis
489 2015 591 2048 instar
610 2016 764 2057 omnium,
779 2016 834 2057 qui
849 2014 924 2058 περὶ
943 2017 1108 2058 μιμήσεως
1128 2015 1333 2056 seripserunt,
1348 2017 1397 2047 est
1411 2014 1490 2048 Dio-

175 2070 298 2112 nysius,
312 2069 423 2102 rhetor
437 2069 724 2102 Halicarnasensis.
743 2068 955 2111 Amplissima
970 2071 1077 2101 autem
1093 2068 1210 2100 iudicia
1226 2079 1325 2110 eaque
1340 2069 1375 2100 in
1391 2068 1494 2101 virtu-

175 2124 264 2156 tibus
279 2123 470 2155 elocutionis
486 2123 593 2165 posita
602 2123 692 2164 prior
702 2123 857 2161 σύνταξις
866 2123 941 2164 περὶ
951 2127 1019 2154 τῶν
1029 2121 1176 2164 ἀρχαίων
1187 2122 1337 2164 ῥητόρων
1350 2121 1490 2155 exhibet.

175 2177 252 2209 Tria
271 2177 302 2208 in
323 2177 385 2210 hoc
409 2187 504 2219 opere
523 2176 701 2217 Dionysius
726 2176 786 2208 sibi
811 2176 977 2218 proponit:
1010 2177 1104 2213 Τίνες
1127 2174 1213 2207 εἰσὶν
1236 2175 1493 2216 ἀξιολογώτατοι

175 2237 244 2263 τῶν
263 2230 410 2272 ἀρχαίων
430 2230 581 2272 ῥητόρων
600 2241 634 2262 τε
658 2229 712 2262 καὶ
739 2229 977 2271 συγγραφέων,
1003 2228 1057 2261 καὶ
1084 2229 1171 2267 τίνες
1196 2229 1309 2261 αὐτῶν
1334 2227 1492 2270 ἐγένοντο

174 2284 385 2327 προαιρέσεις
404 2288 464 2316 τοῦ
483 2296 517 2316 τε
535 2286 613 2325 βίου
633 2282 687 2316 καὶ
707 2290 774 2316 τῶν
794 2284 902 2325 λόγων
921 2283 974 2315 καὶ
989 2284 1023 2315 τί
1039 2281 1116 2324 παρ’
1136 2281 1275 2315 ἑκάστου
1295 2283 1346 2315 δεῖ
1365 2281 1491 2324 λαμβά-

1559 524 1566 577 ⁴}
