1566 2592
168 130 234 162 110
737 134 830 170 Caput
847 135 920 164 vm.

165 223 220 244 eas
251 213 348 245 etiam
373 214 408 245 in
436 214 556 247 multas
586 215 740 248 dissecuit
766 217 986 259 particulas.¹)
1024 217 1173 250 Erosium
1200 218 1307 260 ipsum
1330 230 1397 252 non
1420 211 1512 254 esse·
1560 221 1566 239 ⁴

168 266 292 298 fontem
309 266 384 299 libri
400 268 439 300 de
458 269 694 310 compositione
713 270 885 302 verborum
905 271 1044 303 maxime
1060 283 1099 304 ex
1118 271 1346 314 rhythmorum
1365 273 1496 307 ratione
1550 310 1555 315 ²

167 320 382 364 intellegitur,
403 333 484 363 quae
504 322 629 355 iambos
650 324 851 356 commendet
870 328 902 356 et
921 325 1052 357 omittat
1071 325 1251 367 paeonas.²)
1279 325 1393 368 Itaque
1414 326 1491 360 Dio-

165 373 279 415 nysius
299 375 334 406 in
353 386 390 407 ea
414 377 506 417 parte
534 377 649 418 operis,
676 388 758 419 quae
777 378 818 409 ad
843 389 951 410 veram
979 378 1216 411 institutionem
1243 380 1401 412 instructa
1427 382 1498 424 est,

166 428 376 469 partitionem
394 430 640 471 compositionis
655 430 870 473 Theophrasti
889 437 1091 473 κατασκευῆς
1106 432 1257 466 divisioni
1271 444 1337 465 non
1351 434 1491 467 dissimi-

166 481 245 523 lem,
275 482 309 514 in
334 483 497 524 rhythmis
526 484 684 526 eligendis
712 486 820 516 tamen
849 485 987 517 alienam
1015 486 1204 530 adhibuit.³)
1232 486 1367 520 Accedit
1389 487 1499 521 altera»

167 546 253 577 pars,
273 546 335 577 qua
355 537 451 578 nitor,
470 539 507 568 ut
525 537 644 569 librum
664 539 698 570 in
718 538 847 570 criticos
874 539 1019 571 referam.
1048 539 1225 582 Praecepta
1247 542 1332 573 enim
1358 551 1491 584 compo-

167 589 265 621 nendi
289 592 462 631 postquam
482 590 660 632 Dionysius
680 591 820 624 absolvit
840 591 880 634 (c.
895 593 940 624 20
958 604 987 634 p.
1006 593 1070 625 144
1079 593 1120 635 R)
1145 593 1359 636 promisitque
1386 606 1420 628 ae
1443 606 1497 639 ea,

166 654 248 684 quae
269 643 424 682 deessent,
443 644 476 675 in
498 645 669 677 cotidianis
689 646 976 678 exercitationibus
995 658 1064 679 esse
1085 647 1354 690 suppleturum⁴),
1372 649 1499 682 transit„

165 696 206 728 ad
225 707 343 739 genera
363 698 608 739 compositionis
628 699 826 740 explicanda.
855 699 960 738 Quare
988 711 1061 732 cum
1080 703 1175 740 antea
1193 701 1404 743 praeceperit,
1422 712 1491 744 qna

164 750 291 782 ratione
310 751 407 782 verba
426 753 534 783 essent
557 753 791 794 componenda,
815 753 879 785 iam
904 753 1072 796 describit,
1091 755 1197 796 qualis
1216 755 1315 787 fuerit
1333 754 1486 797 probato-

164 815 237 835 rum
257 806 425 836 auctorum
445 806 647 847 compositio.
676 806 726 838 Ne
745 806 863 849 longus
878 807 948 848 sim,
968 819 1004 840 ea
1020 819 1148 850 quoque
1163 808 1202 840 de
1217 819 1250 840 re
1265 808 1305 840 ad
1319 808 1484 841 Krollium

165 859 197 889 te
217 858 355 899 dimitto,
375 858 430 900 qui
450 858 663 891 differentiam
683 860 767 892 inter
781 861 853 893 illas
867 861 943 893 libri
963 861 1001 892 de
1021 862 1255 904 compositione
1274 864 1380 904 partes
1398 865 1491 895 recte

166 911 360 944 observavit.
367 910 392 955 ⁶)

257 965 402 997 Primum
423 966 525 1009 igitur
545 966 721 1009 Dionysius
741 969 994 1010 unumquodque
1015 980 1126 1012 genus,
1145 969 1240 1010 quale
1258 969 1310 1011 sit,
1332 969 1501 1002 describit-

169 1019 284 1051 deinde
315 1022 462 1052 auctores
491 1023 672 1062 enumerat,
705 1022 761 1063 qui
789 1022 823 1053 in
851 1033 888 1054 eo
917 1022 1101 1064 floruerint,
1134 1025 1204 1055 tum
1232 1023 1330 1065 longa
1357 1022 1498 1056 exhibet,

170 1074 318 1114 exempla
330 1084 430 1114 eaque
445 1076 595 1106 accurate
609 1076 824 1116 persequitur.
853 1075 941 1108 Haec
955 1076 1056 1119 igitur
1069 1077 1152 1109 ratio
1169 1079 1218 1108 est
1231 1077 1389 1109 librorum
1403 1076 1493 1110 criti-

167 1138 288 1159 corum.
317 1127 505 1170 Praecipere
526 1139 602 1159 sane
622 1129 719 1160 etiam
734 1129 795 1160 hac
809 1129 843 1160 in
862 1130 1003 1171 partein
1021 1131 1130 1162 animo
1150 1130 1258 1172 habet,
1277 1131 1332 1163 sed
1347 1141 1386 1162 ex
1404 1141 1496 1163 nova>

169 1181 361 1213 imitationis
380 1181 520 1223 ratione,
545 1193 640 1223 quam
661 1182 701 1213 ad
725 1185 865 1214 veterem
890 1184 968 1215 artis
993 1184 1231 1216 iustitutionem
1255 1186 1416 1216 recentem
1435 1194 1495 1216 ac-

170 1234 303 1267 cessisse
323 1234 450 1266 scimus.
1451 1268 1454 1271 ,

257 1287 332 1319 Tria
351 1291 479 1320 enarrat
507 1300 627 1331 genera
655 1290 913 1332 compositionis,
939 1290 1132 1332 quibuscum
1157 1291 1266 1323 statim
1291 1290 1495 1333 comparabo

166 1353 286 1384 genera
301 1342 431 1380 λε’ξεωςε
452 1343 566 1384 grandi
581 1343 691 1385 generi
706 1344 879 1385 respondet
893 1344 1042 1386 αὐστηρά
1057 1347 1090 1376 et
1107 1345 1212 1376 medio
1232 1344 1390 1386 γλαφυρὰ
1408 1344 1490 1376 σύν·

166 1399 274 1436 θεσις,
294 1397 407 1438 ἰσχνὸς
431 1397 598 1438 χαρακτήρ
622 1407 688 1428 non
711 1397 809 1429 habet
833 1409 926 1429 suum
955 1397 1201 1439 compositionis
1226 1396 1368 1440 genusfl)
1401 1399 1490 1430 Συν-

260 1472 285 1505 1)
304 1471 367 1505 Ipse
387 1472 481 1497 tamen
498 1471 591 1498 facere
606 1471 713 1505 nequit,
736 1471 802 1505 quin
818 1472 901 1498 ambo
916 1472 952 1498 ad
967 1481 1052 1499 unam
1072 1472 1240 1499 instituendi
1259 1472 1399 1499 rationem
1417 1471 1495 1500 refo—

166 1512 214 1538 rat
234 1519 256 1538 e.
274 1514 305 1537 13
325 1520 353 1545 p.
370 1514 401 1538 71
410 1511 445 1538 R:
473 1512 501 1544 ἐξ
528 1511 662 1538 ἁπάντων
687 1512 723 1544 δή
748 1522 821 1546 φημι
845 1513 952 1539 τούτων
978 1513 1196 1546 ἐπιτηδεύεσθαι
1222 1513 1283 1540 δεῖν
1301 1513 1332 1539 τὸ
1351 1510 1439 1540 καλὸν
1457 1512 1488 1540 ἐν

167 1550 290 1587 ἁρμονίᾳ
310 1550 419 1584 λέξεως,
444 1552 471 1584 ἐξ
491 1549 530 1578 ὧν
550 1562 602 1584 περ
622 1552 669 1578 καὶ
689 1550 719 1579 τὸ
744 1552 806 1586 ἡδύ.
841 1552 1052 1587 Theophrastus
1081 1552 1249 1587 simpliciter
1277 1552 1395 1587 opponit
1416 1552 1494 1580 aaz&

169 1591 304 1625 ὀνόματα,
323 1600 396 1625 quae
416 1594 545 1618 ornatam
569 1592 690 1618 reddant
715 1593 879 1626 orationem,
905 1593 1062 1619 humilibus
1089 1593 1180 1620 verbis
1200 1593 1314 1627 Dionys.
1334 1593 1370 1620 de
1397 1601 1494 1628 comp-

168 1631 244 1658 verb.
266 1640 288 1658 c.
306 1635 338 1658 16
358 1641 385 1666 p.
402 1635 451 1658 101
460 1632 491 1658 R.

259 1674 286 1705 2)
306 1672 396 1699 Kroll:
426 1672 478 1698 Rh.
499 1672 569 1699 Mus.
587 1676 629 1705 62,
646 1676 687 1705 97,
708 1673 787 1699 cuius
807 1673 977 1700 sententiam
1003 1673 1038 1699 de
1057 1673 1266 1707 Theophrasto,
1295 1681 1380 1707 quem
1402 1672 1496 1700 trium

167 1720 302 1747 generum
327 1712 499 1739 inventorem
521 1714 612 1747 putat,
624 1719 688 1740 ‘non
707 1713 804 1748 probo,
825 1713 860 1740 de
875 1713 1005 1748 Dionysii
1025 1713 1097 1740 libro
1118 1718 1213 1740 autem
1231 1713 1322 1740 multa
1336 1721 1399 1740 vere
1417 1712 1494 1740 mihi,

167 1752 281 1779 videtur
301 1752 468 1786 disputasse.

260 1794 286 1826 ³)
307 1792 398 1819 Grave
422 1792 493 1819 illud
520 1793 711 1828 fragmentum
731 1793 982 1828 Theophrasteum,
1008 1794 1084 1828 quod
1103 1795 1132 1820 in
1152 1794 1206 1820 hac
1231 1795 1314 1828 parte
1338 1793 1495 1826 invenitur„

168 1832 342 1859 inculcatum
353 1833 428 1859 inter
438 1833 532 1860 aliena
542 1841 602 1859 esse
613 1835 739 1868 apparet.
761 1833 875 1867 Dionys.
890 1837 953 1860 c.1(3
964 1843 990 1868 p.
1001 1837 1046 1860 101
1058 1834 1089 1867 R,
1102 1834 1192 1861 Kroll:
1207 1833 1260 1860 Rh.
1271 1833 1341 1860 Mus.
1352 1835 1395 1866 ⁶2,
1405 1835 1492 1867 99η.

259 1876 286 1905 4)
306 1873 394 1899 Locus
414 1873 460 1900 hic
480 1875 563 1907 aptus
584 1874 695 1900 videtur
714 1882 774 1900 esse
794 1874 830 1900 ad
847 1874 974 1908 Dionysii
994 1874 1111 1907 eiusque
1130 1873 1233 1900 aetatis
1251 1873 1390 1900 rationem
1409 1881 1489 1900 exer·

169 1913 337 1939 citationum
367 1914 599 1947 cognoscendam.
628 1914 658 1940 In
686 1914 788 1947 quibus
814 1914 1004 1941 imitationem
1030 1922 1164 1949 regnasse
1183 1914 1275 1940 denuo
1299 1913 1495 1947 cognoscitur,

168 1961 248 1979 nam:
277 1955 409 1980 πολλῶν
434 1954 490 1980 καὶ
511 1954 653 1987 ἀγαθῶν
679 1958 830 1988 ποιητῶν
856 1964 884 1981 τε
913 1955 969 1980 καὶ
998 1953 1222 1989 συγγραφέων
1250 1953 1307 1980 καὶ
1335 1951 1494 1988 ρητόρων

169 1992 374 2027 μαρτυρίοις
392 1994 536 2028 χρήσομαι.

261 2036 287 2068 ὃ)
307 2033 359 2060 Rh.
375 2033 445 2060 Mus.
462 2036 562 2066 6292:
584 2034 752 2067 „Entweder
770 2034 844 2060 kann
863 2043 928 2060 man
948 2034 995 2061 die
1011 2034 1176 2068 Einteilung
1190 2034 1219 2060 in
1240 2034 1320 2068 ἡδεῖα
1339 2033 1398 2060 und
1416 2033 1495 2068 καλὴ-

170 2074 302 2105 σύνθεσις
321 2083 352 2100 zu
374 2074 487 2100 Grunde
507 2073 589 2107 legen
609 2074 678 2100 oder
696 2074 742 2100 die
762 2074 834 2101 nach
854 2075 907 2101 den
929 2074 988 2100 drei
1013 2078 1192 2109 χαρακτῆρες,
1217 2074 1336 2101 beides
1361 2073 1494 2100 uehens

170 2114 492 2148 einandergestellt
511 2114 592 2140 hebt
616 2114 688 2140 sich
710 2115 797 2140 auf“.
827 2114 898 2141 Illud
921 2115 1033 2141 verbum
1055 2115 1158 2141 ‘oder’
1179 2114 1335 2147 reiciemus,
1354 2113 1422 2148 quia
1439 2121 1488 2148 ge·

169 2163 237 2180 nera
257 2154 291 2180 ad
312 2155 511 2181 instituendam
531 2154 762 2188 compositionem
783 2156 883 2181 natura
903 2155 1005 2181 scimus
1024 2163 1079 2181 non
1100 2157 1167 2188 apta
1182 2162 1252 2187 esse,
1271 2154 1320 2181 sed
1340 2154 1430 2180 laetor
1444 2153 1495 2180 hia

169 2194 274 2221 verbis:
299 2194 413 2227 „beides
433 2194 777 2229 nebeneinandcrgestellt
801 2195 868 2221 heht
887 2194 945 2221 sich
966 2195 1044 2221 auf⁴‘.
1074 2195 1104 2221 In
1125 2194 1259 2228 Dionysio
1283 2194 1335 2221 hoc
1358 2193 1494 2220 coneedi-

169 2244 244 2261 mus:
265 2235 468 2268 Theophrasto,
489 2234 658 2269 philosopho
674 2244 729 2261 non
748 2235 826 2269 parvi
847 2235 963 2269 ingenii,
982 2236 1040 2261 tam
1060 2235 1255 2262 inconcinnam
1271 2236 1299 2261 et
1318 2233 1494 2261 conti-arim

169 2274 268 2307 λέξεως
286 2275 465 2309 partitionem
488 2283 578 2308 aequo
599 2276 694 2302 animo
713 2275 887 2302 tribuemus?

261 2318 289 2349 6)
309 2315 364 2342 Cic.
381 2314 425 2342 Or.
443 2318 485 2342 77.
