1566 2592
211 142 255 173 50
793 144 884 179 Caput
902 144 949 171 IV.

212 226 245 255 et
258 224 462 264 probabiliter
476 226 508 257 et
522 225 652 266 aperte.“
676 225 821 258 Eandem
836 227 1030 259 sententiam
1046 238 1084 259 ex
1100 228 1263 260 communi
1278 227 1401 271 fonte1)
1416 229 1531 272 depro-

214 279 307 310 munt
327 277 439 311 Cicero
459 278 645 311 adulescens
666 278 719 322 (de
733 278 800 312 Inv.
816 279 840 321 I,
855 279 913 323 28)
933 282 965 312 et
983 280 1109 313 Auctor
1127 281 1167 313 ad
1192 281 1393 314 Herennium
1408 282 1448 326 (1,
1464 283 1532 327 14).

212 331 380 363 Accedunt
394 334 522 374 praeter
532 331 766 370 Quintilianum
777 333 824 365 IV
834 334 864 373 2,
875 335 916 366 31
925 333 1023 377 sqq.²)
1034 334 1059 366 F
1061 336 1286 367 ortunatianus
1301 335 1341 376 II,
1354 336 1394 368 18
1405 336 1451 379 (p.
1464 337 1525 370 111

214 384 341 428 Halm):
360 385 532 427 „Narratio
552 386 657 418 omnis
673 387 778 428 qualis
793 398 863 419 esse
878 387 996 420 debet?
1015 388 1132 430 brevis,
1150 391 1188 421 ut
1201 388 1356 422 libentius
1371 390 1533 434 audiatur,

212 438 383 471 manifesta
397 441 434 471 ut
447 439 665 482 intellegatur,
679 441 745 472 veri
766 441 891 483 similis,
905 443 943 473 ut
956 442 1139 483 probetur“‚
1153 444 1186 474 et
1204 443 1419 476 recentiorum
1434 443 1533 477 turba

212 492 252 525 cf.
273 491 362 535 Sulp.
377 492 461 525 Vict.
479 504 509 535 p.
525 493 643 534 322H,
662 493 780 526 Iulium
798 493 868 526 Sev.
884 506 913 536 p.
929 495 993 526 357
1001 494 1042 536 H,
1060 495 1179 527 Iulium
1195 496 1280 529 Vict.
1296 508 1327 539 p.
1341 496 1446 529 424H
1461 500 1519 530 etc.

216 544 422 586 Graecorum,
441 548 478 578 ut
497 549 571 578 utar
589 548 747 589 exemplo,
766 547 897 588 Rufum,
918 548 990 580 Vol.
1006 547 1036 580 1²
1053 560 1084 591 p.
1099 549 1166 581 402
1186 549 1241 591 Sp.
1256 549 1296 582 H.

301 599 434 632 Maioris
457 600 613 633 momenti
642 603 703 639 est,
733 602 819 643 quod
843 602 940 634 etiam
965 601 1277 645 Progymnasmatici
1300 605 1534 637 assentiuntur.

212 652 274 691 Qui
303 665 375 685 cum
409 655 610 696 διηγήματος
643 655 887 696 προγύμνασμα
920 656 1085 696 docerent,
1114 657 1162 688 usi
1196 659 1272 689 sunt
1304 658 1421 690 artium
1453 657 1530 701 περὶ

212 708 395 749 διηγήσεως
428 709 616 750 praeceptis.
644 708 764 740 Theon.
788 708 820 740 Π
853 721 882 751 p.
899 709 950 750 79,
966 709 1009 741 20
1025 708 1094 751 Sp.:
1130 709 1242 750 ἀρεταὶ
1276 711 1314 743 δὲ
1346 711 1531 754 διηγήσεως

211 766 311 803 τρεῖς·
341 763 520 803 σαφήνεια,
549 764 725 804 συντομία,
754 764 948 804 πιθανότης.
985 763 1201 796 Probabilitas
1229 765 1338 796 autem
1365 765 1530 806 praevalet

212 814 288 847 ibid.
305 815 356 854 79,
367 815 423 847 29:
444 816 495 847 δεῖ
513 816 575 857 γὰρ
596 817 732 858 ἔχεσθαι
746 816 797 848 ἀεὶ
811 821 872 849 τοῦ
891 820 1041 849 πιθανοῦ
1059 816 1097 849 ἐν
1110 822 1149 859 τῇ
1164 817 1327 859 διηγήσει’
1346 823 1444 851 τοῦτο
1463 819 1530 862 γὰρ

212 868 313 909 αὐτῆς
336 869 478 910 μάλιστα
506 869 596 901 ἰ’διον
623 869 764 912 ὑπάρχει
787 869 841 913 (cf.
859 869 921 902 Cic.
936 870 985 902 De
1001 869 1052 902 Or.
1067 869 1100 902 ΙΙ
1119 870 1208 914 326).
1242 870 1346 903 Tanta
1369 871 1432 904 iam
1456 883 1528 905 auc-

211 923 343 954 toritate
362 924 427 954 tres
442 923 578 955 virtutes
598 923 791 955 narrationis
811 924 994 965 utebantur,
1013 926 1050 956 ut
1069 925 1165 956 etiam
1185 924 1226 956 ad
1244 926 1408 967 ἔκφρασιν
1426 927 1531 958 trans—

211 975 380 1008 ferrentur.
415 975 468 1008 Sic
492 977 577 1008 enim
601 977 836 1020 intellegendus
855 980 905 1009 est
922 977 1043 1010 Theon.
1057 977 1090 1010 II
1111 978 1184 1020 119,
1198 978 1255 1011 27:
1279 978 1393 1021 ἀρεταὶ
1416 977 1454 1012 δὲ
1477 979 1528 1012 ἐκ·

211 1029 365 1071 φράσεως
392 1030 477 1062 αἵδε·
504 1029 549 1073 (I)
573 1031 738 1071 σαφήνεια
763 1029 825 1071 μὲν
853 1031 994 1073 μάλιστα
1021 1030 1076 1063 καὶ
1105 1030 1291 1075 ἐνάργεια-Ι)
1320 1037 1380 1065 τοῦ
1406 1033 1530 1076 σχεδὸν

211 1083 358 1125 ὁρᾶσθαι
382 1085 422 1115 τὰ
446 1083 727 1125 ἀπαγγελλόμενα,
751 1082 863 1116 ἔπειτα
881 1085 918 1117 τὸ
937 1085 981 1126 μὴ
1005 1084 1123 1123 τελέως
1146 1085 1373 1127 ἀπομηκύνειν
1393 1085 1528 1128 περὶτὰ

213 1138 359 1179 ἄχρηστα
379 1135 426 1180 (II
445 1137 633 1180 συντομία),
652 1139 689 1170 τὸ
711 1136 747 1170 δὲ
767 1138 847 1170 ὅλον
867 1138 1170 1180 συνεξομοιοῦσθαι
1189 1139 1250 1181 χρὴ
1270 1144 1339 1177 τοῖς
1357 1139 1528 1181 ὑποκειμέ-

211 1202 285 1228 νοις
312 1191 373 1232 τὴν
401 1190 606 1232 ἀπαγγελίαν
634 1190 698 1233 (ΙΙΙ
725 1191 868 1233 πρέπον,
903 1191 990 1233 quod
1018 1193 1191 1234 respondet
1218 1192 1442 1236 πιθανότητι).
1478 1193 1530 1226 De

211 1243 395 1286 Aphthonii
415 1244 513 1276 simili
532 1245 691 1277 sententia
710 1244 756 1288 (ΙΙ
771 1245 823 1287 22,
841 1245 882 1277 10
902 1244 970 1288 Sp.)
989 1245 1075 1278 infra
1093 1246 1203 1278 audies
1223 1245 1267 1289 (p.
1283 1246 1350 1289 53).

301 1296 409 1339 Atque
429 1298 507 1330 haec
531 1298 659 1339 quidem
684 1299 722 1331 de
745 1299 882 1331 historia
905 1299 1056 1331 narrandi
1079 1299 1279 1343 virtutum.⁴)
1307 1300 1360 1333 Ad
1382 1303 1527 1334 nostram

211 1353 320 1383 autem
340 1351 560 1393 quaestionem
580 1352 757 1394 plurimum
777 1353 887 1394 refert,
911 1363 1067 1394 quaenam
1091 1354 1175 1385 ratio
1195 1353 1279 1386 inter
1296 1354 1447 1387 narrandi
1466 1355 1529 1387 vir-

210 1407 298 1437 tutes
318 1407 350 1436 et
369 1404 504 1437 virtutes
523 1406 714 1437 elocutionis
734 1406 920 1439 intercedat.

301 1458 518 1491 Anaximenes
538 1459 749 1491 similitudine
768 1459 939 1501 utriusque
956 1460 1060 1502 partis
1078 1460 1222 1493 nondum
1245 1461 1387 1503 perfecta
1409 1461 1471 1494 tria
1493 1462 1529 1494 in

165 1520 167 1526 ’
211 1512 410 1551 narratione,
435 1513 490 1544 sed
515 1513 549 1544 in
572 1513 753 1545 elocutione
772 1514 875 1545 solam
894 1514 1159 1555 perspicuitatem
1181 1514 1340 1558 exigebat.
1367 1514 1454 1547 Huic
1470 1515 1529 1548 uni

212 1566 313 1608 igitur
337 1566 370 1598 in
394 1566 578 1598 narratione
602 1566 773 1608 eloquendi
797 1569 969 1609 praecepta
994 1566 1119 1599 tribuit.
1147 1567 1260 1609 Neque
1283 1578 1358 1600 vero
1381 1570 1532 1601 accurate

212 1630 249 1651 ea
269 1619 432 1662 exposuit,
455 1620 510 1651 sed
530 1622 594 1651 tam
615 1621 851 1661 κεφαλαιωδῶς
875 1621 1088 1663 enumeravit,
1110 1623 1148 1652 ut
1167 1621 1206 1653 de
1225 1622 1312 1653 notis
1331 1620 1428 1654 rebus
1447 1621 1530 1654 alibi

212 1673 381 1715 explicatis
401 1673 676 1706 commonefacere
694 1673 865 1715 videretur,
884 1685 949 1706 non
968 1674 1088 1706 docere.

303 1726 383 1758 Cum
398 1726 643 1769 Theophrastus
662 1729 816 1768 quattuor
834 1727 971 1760 virtutes
990 1728 1184 1760 elocutionis
1202 1729 1422 1770 constitueret,
1440 1727 1528 1760 simi·

1521 523 1533 540 7

211 1780 316 1812 litudo
341 1781 426 1822 apud
450 1791 524 1812 eum
547 1781 651 1812 maior
673 1782 749 1813 erat.
778 1780 866 1819 Quae
890 1781 975 1813 enim
998 1781 1032 1813 in
1055 1781 1238 1814 narratione
1261 1781 1301 1813 ad
1319 1782 1530 1823 πιθανότητα

211 1833 426 1875 pertinebant,
446 1834 478 1865 in
499 1834 681 1866 elocutione
700 1834 940 1876 respondebant
957 1834 1126 1876 πρέποντι.

303 1924 327 1956 1)
347 1921 401 1948 Hic
420 1922 483 1948 fons
502 1921 555 1948 hoc
575 1929 642 1948 sane
660 1921 722 1948 loco
737 1931 793 1949 non
809 1923 852 1949 est
866 1923 989 1950 Latinus
1007 1922 1105 1949 doctor
1119 1922 1239 1956 (Thieleu
1260 1922 1457 1957 Hermagora)
1477 1922 1528 1949 sed

212 1962 343 1989 Graecus.
372 1962 434 1988 Etsi
454 1962 527 1989 enirn
547 1963 700 1996 praecepta
719 1962 820 1988 mirum
839 1962 869 1989 in
888 1962 1002 1989 modum
1022 1962 1213 1995 consentiunt,
1233 1964 1328 1989 tamen
1347 1962 1463 1990 nomina
1486 1962 1533 1990 iss

212 2002 355 2034 differunt,
374 2003 407 2029 ut
426 2010 476 2029 sua
495 2002 614 2036 quisque
633 2002 744 2028 ratione
763 2002 870 2029 Graeca
890 2003 1004 2029 nomina
1023 2002 1192 2030 convertisse
1211 2002 1348 2029 videatur.

302 2044 327 2074 2)
348 2041 389 2070 Cf.
404 2042 490 2069 etiam
505 2042 598 2074 Quint.
610 2042 670 2075 115,
681 2045 709 2069 ’ῖς
725 2042 883 2076 „Narrandi
893 2042 940 2069 lux
954 2042 1078 2077 (σαφής),
1092 2042 1224 2074 brevitas.
1239 2042 1324 2069 fider·
1340 2041 1528 2078 (πιθανός-ης).

302 2085 327 2116 3)
347 2083 385 2109 Ut
404 2082 596 2114 Quintilianus
615 2082 785 2109 evidentiam
806 2082 1004 2117 perspicuitati
1023 2082 1144 2109 subiecit
1162 2082 1200 2109 IV
1215 2086 1240 2116 2,
1255 2086 1297 2109 64.

302 2125 329 2157 4)
348 2122 420 2149 Vide
440 2122 534 2156 etiarn,
554 2131 623 2156 quos
642 2122 718 2149 locos
738 2122 885 2157 collegerit
903 2122 1112 2157 Geigenmi'iller
1130 2122 1282 2150 utilissimo
1296 2122 1404 2155 libello,
1422 2122 1529 2157 quiin·

213 2163 346 2190 scribitur
366 2162 549 2195 Quaestiones
568 2162 761 2197 Dionysianae
780 2163 815 2189 de
834 2162 978 2189 vocabulis
998 2163 1067 2190 artis
1086 2163 1202 2190 criticae
1221 2163 1306 2197 (Lips.
1324 2165 1403 2197 1908)
1424 2172 1451 2198 p.
1468 2165 1527 2190 11⁶.

215 2203 269 2230 Sed
289 2203 365 2230 idem
384 2203 477 2230 minus
496 2204 578 2230 caute
598 2203 756 2237 composuit
774 2203 826 2229 has
841 2203 975 2230 narrandi
990 2203 1107 2229 virtutes
1123 2212 1185 2229 cum
1201 2203 1354 2230 virtutibus
1369 2203 1529 2237 eloquendi.

213 2253 239 2278 p.
256 2246 302 2277 23,
327 2246 403 2278 p.2''1
427 2243 542 2278 passim.
570 2242 611 2270 cf.
631 2242 716 2269 etiam
737 2242 882 2269 Causeret:
908 2236 999 2269 Etude
1023 2252 1070 2269 sur
1094 2243 1122 2269 la
1145 2243 1249 2278 langue
1273 2243 1433 2278 rhetor-ique
1457 2243 1530 2270 dam

211 2283 327 2310 Ciceron
350 2293 377 2318 p.
395 2286 453 2311 108.
483 2283 591 2310 Petere:
621 2283 661 2309 De
685 2283 842 2310 rationibus
866 2283 940 2310 inter
963 2285 1052 2310 artem
1077 2283 1246 2310 rhetoricam
1271 2283 1365 2318 quarti
1389 2285 1418 2310 et
1443 2283 1531 2318 primi

212 2324 318 2351 saeculi
337 2323 576 2351 intercedentibus
596 2323 669 2350 Diss.
689 2323 751 2350 Kiel
773 2326 850 2356 1907,
869 2333 896 2358 p.
913 2326 946 2350 56
957 2332 1018 2358 sqq.
