1566 2592
189 154 208 186 8
774 154 866 190 Caput
884 155 905 182 1.

189 235 340 267 evidence
359 238 392 267 at
415 236 509 278 least,
535 235 778 278 Theophrastus
798 237 825 268 is
844 238 903 269 not
921 238 977 269 the
998 249 1112 270 source
1131 239 1169 271 of
1187 238 1253 271 this
1279 238 1507 272 classification

190 289 227 321 of
243 289 352 330 stylos,
371 288 427 321 the
446 291 519 322 true
538 289 643 333 origin
659 289 697 322 of
713 290 820 322 which
839 292 927 322 must
948 291 987 323 be
1006 291 1127 334 sought
1145 292 1337 324 elsewhere“
1356 292 1401 334 (p.
1418 293 1506 336 127).

190 341 277 380 Quae
302 344 340 374 ut
359 342 524 385 probaret,
547 342 826 376 Hendricksonius
850 355 868 376 a
891 345 1048 387 magistro
1068 345 1283 388 Theophrasti
1303 348 1335 378 et
1358 357 1377 378 a
1399 349 1508 379 vetere

189 396 340 438 Peripate
369 399 560 439 argumenta
586 397 703 438 petivit
727 397 837 429 eadem
861 398 1000 440 ratione,
1028 409 1091 440 qua
1114 398 1257 431 Dielsius
1280 399 1506 442 Theophrasto

190 460 267 481 usus
283 451 332 481 est
345 450 386 481 ad
404 450 535 482 tertium
552 450 668 482 librum
685 450 934 483 Rhetoricorum
950 450 1215 485 Aristoteliornm
1230 453 1507 495 interpretandum

189 502 309 545 (Diels:
324 503 452 535 3.Buch
463 503 519 535 der
526 503 692 536 Aristotel.
701 503 796 536 Rhet.
804 503 889 536 Abh.
897 504 982 536 Berl.
990 504 1029 536 A.
1041 504 1151 548 1886),
1165 506 1298 547 eiusque
1311 505 1507 538 rhetoricam

191 556 370 589 doctrinam
395 557 492 589 etiam
517 567 588 589 cum
613 557 719 590 ethica
738 557 1038 599 Peripateticorum.
1053 559 1274 591 mediocritate
1300 560 1506 602 comparavit.

192 608 227 642 Si
242 610 320 642 satis
339 610 443 642 multa
458 613 491 642 et
507 611 600 642 firma
621 613 811 653 argumenta
831 611 989 652 adessent,
1008 612 1126 653 quibus
1146 614 1308 645 constaret
1322 613 1507 656 Theophra—

193 665 278 695 stum
299 664 424 695 dicendi
445 664 506 696 tria
525 675 643 707 genera
662 665 858 706 exposuisse,
878 665 1082 697 statuendum
1103 665 1166 697 fuit
1185 676 1257 698 eum
1276 667 1310 698 in
1329 666 1413 699 libro
1431 666 1508 707 περὶ

191 716 308 756 λέξεως
327 728 346 749 a
364 717 581 759 Peripatetico.
604 718 783 759 μεσότητος
807 718 933 750 ratione
952 718 1003 751 vel
1027 719 1167 751 maxime
1190 719 1383 753 discessisse.
1411 719 1507 752 Eius-

191 771 278 802 modi
299 773 489 813 argumenta
508 773 599 803 nulla
618 782 687 803 esse
706 771 933 804 Hendrickson
953 772 1103 813 ostendit,
1122 772 1178 805 sed
1197 773 1307 805 omnia
1325 784 1394 806 esse
1412 774 1508 816 liqui·

192 824 242 865 da,
261 825 287 856 si
306 825 392 867 apud
411 824 671 867 Theophrastum
696 826 732 857 τὸ
757 825 860 866 μέσον
879 825 916 858 ἐν
940 825 1025 864 λέξει
1050 825 1134 858 idem
1159 828 1256 868 atque
1279 826 1365 868 apud
1383 826 1508 859 Aristo-

191 878 287 910 telem
308 879 498 910 invenimus.
527 878 612 920 „But
636 879 808 920 especially
827 878 843 910 I
862 879 965 911 desire
988 882 1023 911 to
1047 880 1142 911 make
1166 880 1192 911 it
1218 880 1308 922 plain
1333 880 1375 922 by
1398 890 1509 913 means

192 931 230 963 of
254 931 420 964 authentic
448 932 627 975 fragments
656 933 693 964 of
713 932 971 974 Theophrastus,
999 933 1072 965 that
1095 933 1146 965 his
1175 934 1368 975 conception
1391 933 1429 966 of
1452 933 1509 966 the

193 985 309 1016 ‘virtue
329 986 366 1016 of
382 985 478 1026 style’
493 997 558 1018 was
573 986 636 1031 the.
648 997 735 1018 same
755 997 789 1018 as
809 986 881 1017 that
900 987 937 1018 of
948 986 1106 1019 Aristotle
1125 987 1188 1018 and
1207 987 1369 1020 therefore
1387 987 1510 1030 wholly

192 1038 277 1071 alien
291 1041 326 1070 to
341 1038 396 1071 the
416 1039 555 1071 division
571 1040 640 1071 into
659 1044 861 1081 χαρακτῆρες
880 1051 954 1072 now
973 1041 1158 1082 commonly
1177 1040 1354 1072 attributed
1369 1042 1404 1073 to
1421 1040 1511 1073 him“

194 1091 238 1134 (p.
255 1091 344 1135 137).
378 1091 579 1134 Quamquam
605 1104 738 1135 summo,
756 1093 886 1136 ingenio
911 1095 944 1125 et
967 1094 1114 1126 acumine
1142 1104 1270 1126 causam
1295 1095 1375 1136 egit,
1400 1096 1510 1127 tamen

192 1146 303 1188 paucis
322 1146 450 1178 videtur
469 1147 675 1189 persuasisse.
705 1146 929 1188 Theophrasto
952 1148 1039 1179 enim
1060 1135 1131 1179 cum
1156 1148 1220 1179 tria
1238 1147 1364 1180 dicendi
1392 1158 1510 1191 genera

193 1199 357 1240 adimeret,
377 1200 541 1242 singulum
562 1203 594 1232 et
612 1212 713 1232 unum
734 1201 823 1233 dedit
842 1203 1047 1243 praeceptum
1068 1202 1256 1243 μεσότητος,
1271 1212 1310 1233 ex
1326 1212 1390 1243 quo
1405 1202 1509 1233 totam

193 1253 295 1285 libelli
315 1253 456 1285 indolem
476 1256 509 1286 et
532 1254 691 1286 rationem
711 1253 828 1292 λέξεως
851 1266 916 1286 non
941 1254 1093 1297 contigit,
1116 1256 1154 1286 ut
1177 1254 1364 1287 illustraret.
1394 1253 1510 1296 Neque

194 1306 402 1339 difficultates
431 1307 529 1340 solvit
554 1307 586 1339 in
616 1308 717 1340 altera
746 1308 977 1350 disputatione,
1010 1319 1106 1350 quam
1136 1308 1174 1340 de
1203 1308 1309 1340 tribus
1339 1307 1510 1350 generibus

194 1361 324 1403 scripsit
344 1361 377 1393 in
396 1360 560 1393 volumine
579 1360 687 1393 XXVI
708 1360 760 1403 (A.
775 1361 804 1393 J.
820 1361 877 1393 Ph.
899 1361 1009 1404 1905).
1042 1361 1155 1403 Itaque
1178 1361 1268 1403 prior
1291 1360 1452 1393 sententia¹
1470 1360 1511 1392 de

193 1414 417 1456 Theophrasto
445 1425 598 1457 generum
625 1417 756 1446 auctore
785 1411 882 1446 etiam
912 1417 988 1456 post
1016 1414 1294 1446 Hendriksonium
1322 1414 1450 1446 duravit
1477 1416 1511 1446 et

194 1467 297 1499 adhuc
330 1468 428 1511 vulgo
462 1468 583 1499 credita
616 1468 744 1500 videtur
776 1479 853 1500 esse.
891 1467 938 1500 Ut
975 1468 1199 1510 compendium
1238 1467 1383 1509 afferam,
1421 1467 1510 1508 audi,

195 1532 328 1563 quaeso,
353 1520 596 1553 Gudemannum
625 1522 658 1553 in
681 1521 863 1562 „Grundriss
883 1533 939 1554 zur
959 1521 1072 1554 Gesch.
1088 1521 1116 1553 d.
1132 1521 1222 1553 class-
1237 1521 1354 1553 Philol.
1373 1519 1419 1564 (p.
1433 1519 1511 1564 23)“

194 1576 240 1606 ita
260 1574 432 1607 dicentem:
453 1575 531 1616 „Die
547 1575 716 1607 beriihmte
731 1575 936 1619 Dreiteilung
950 1575 1006 1607 der
1021 1576 1151 1618 ‘genera
1169 1574 1305 1607 dicendi'
1322 1574 1400 1618 geht
1417 1574 1512 1607 eben-

183 1628 268 1660 *falls
289 1631 372 1660 trotz
391 1628 615 1661 Hendrickson
643 1630 701 1661 auf
721 1629 778 1661 ihn
797 1628 1032 1672 (Theophrast)
1057 1629 1203 1661 zurfick“.
1232 1627 1329 1660 Valet
1352 1629 1453 1671 igitur
1475 1628 1511 1660 iu

194 1684 339 1714 nostram
368 1693 497 1724 quoque
526 1683 747 1724 quaestionem
776 1682 992 1715 Horatianum
1026 1682 1119 1715 illud:
1154 1682 1282 1714 ‘Adhuc
1309 1681 1370 1714 sub
1405 1681 1511 1715 iudioe

195 1736 236 1768 lis
259 1737 328 1767 est’.

285 1843 373 1875 Haec
392 1843 455 1875 iam
476 1844 595 1875 dudum
617 1843 736 1885 scripta
755 1845 846 1875 erant
862 1861 902 1866 —
919 1843 991 1874 aliis
1011 1843 1096 1875 enim
1116 1842 1231 1874 officiis
1251 1841 1410 1874 distentus
1428 1840 1510 1874 duos

195 1898 262 1929 fere
281 1908 382 1930 annos
402 1898 436 1929 in
454 1897 513 1929 hac
533 1897 759 1929 dissertatione
778 1897 963 1938 consumpsi
979 1915 1020 1919 —
1037 1898 1141 1928 totum
1162 1896 1225 1927 iam
1246 1895 1416 1928 consilium
1435 1904 1510 1936 ope-

195 1951 240 1983 ris
259 1959 328 1983 erat
347 1951 463 1983 initum
484 1954 516 1983 et
534 1951 675 1983 maxima
693 1961 767 1993 pars
787 1950 900 1992 primis
920 1950 1037 1982 litteris
1057 1950 1154 1982 etiam
1173 1949 1333 1990 mandata,
1353 1959 1424 1980 eum
1445 1947 1510 1980 edi-

196 2007 249 2036 tus
269 2007 319 2037 est
337 2005 464 2046 Lipsiae
486 2005 518 2036 in
538 2004 681 2036 Aedibus
701 2004 860 2036 Teubneri
882 2003 964 2035 liber
982 2003 1123 2051 Augusti
1142 2002 1265 2044 Mayer,
1290 2002 1345 2044 qui
1365 2000 1510 2034 inscribi·

196 2061 261 2090 tur:
281 2058 514 2100 „Theophrasti
531 2057 606 2100 περὶ
628 2057 743 2095 λέξεως
763 2058 837 2089 libri
855 2057 1063 2099 fragmenta“.
1093 2056 1206 2088 Dicere
1226 2066 1359 2097 nequeo,
1388 2057 1510 2096 quanto

197 2112 304 2144 studio
319 2122 338 2143 a
348 2123 431 2143 nova
446 2112 585 2143 editione
600 2123 684 2143 nova
698 2111 738 2143 ad
749 2110 963 2152 Theophrasti
978 2110 1040 2142 iam
1056 2109 1196 2141 adamati
1211 2109 1509 2150 interpretationem

198 2165 341 2197 subsidia
360 2165 568 2206 expetiverim
585 2176 687 2206 neque
708 2166 906 2206 quantopere
920 2175 1026 2195 meum
1042 2163 1184 2195 studium
1202 2163 1255 2195 ille
1270 2163 1352 2195 liber
1370 2162 1509 2194 eluserit.

198 2219 271 2251 Non
297 2230 360 2260 quo
385 2219 487 2250 multa.
506 2218 747 2261 Theophrastea
771 2218 889 2250 desint:
918 2218 973 2249 sed
1001 2217 1080 2249 haec
1108 2228 1207 2258 paene
1236 2217 1431 2248 evanescunt
1449 2214 1510 2247 sub

198 2274 282 2304 mole
302 2284 427 2313 eorum,
447 2283 529 2314 quae
548 2274 633 2304 certe
653 2272 693 2304 ab
712 2283 750 2304 eo
776 2274 850 2303 sunt
874 2271 986 2303 aliena.
1014 2270 1128 2302 Totius
1151 2273 1258 2302 autem
1283 2269 1358 2302 libri
1381 2269 1510 2301 restitu-
